@ARTICLE{Evans-ARAA2012,
   author = {{Kennicutt}, R.~C. and {Evans}, N.~J.},
   title = "{Star Formation in the Milky Way and Nearby Galaxies}",
  journal = {\araa},
 archivePrefix = "arXiv",
 eprint = {1204.3552},
  year = 2012,
    month = sep,
       volume = 50,
    pages = {531-608},
         doi = {10.1146/annurev-astro-081811-125610},
     adsurl = {http://adsabs.harvard.edu/abs/2012ARA%26A..50..531K},
       adsnote = {Provided by the SAO/NASA Astrophysics Data System}
 }

@ARTICLE{DiFran2008,
   author = {{Di Francesco}, J. and {Johnstone}, D. and {Kirk}, H. and {MacKenzie}, T. and {Ledwosinska}, E.},
  title = "{The SCUBA Legacy Catalogues: Submillimeter-Continuum Objects Detected by SCUBA}",
  journal = {\apjs},
  archivePrefix = "arXiv",
  eprint = {0801.2595},
 keywords = {Atlases, Catalogs, Submillimeter, Techniques: Image Processing},
  year = 2008,
  month = mar,
 volume = 175,
  pages = {277-295},
  doi = {10.1086/523645},
  adsurl = {http://adsabs.harvard.edu/abs/2008ApJS..175..277D},
    adsnote = {Provided by the SAO/NASA Astrophysics Data System}
 }

 @ARTICLE{Johnstone2001,
     author = {{Johnstone}, D. and {Fich}, M. and {Mitchell}, G.~F. and {Moriarty-Schieven}, G.  },
  title = "{Large Area Mapping at 850 Microns. III. Analysis of the Clump Distribution in the Orion B Molecular Cloud}",
   journal = {\apj},
  keywords = {Infrared: ISM: Continuum, ISM: Clouds, ISM: Individual: Alphanumeric: HH 25-26, ISM: Individual: Alphanumeric: L1630, ISM: individual (NGC 2068), ISM: Individual: NGC Number: NGC 2071, ISM: Individual: Name: Orion B, ISM: Molecules, ISM: Structure, Stars: Formation},
  year = 2001,
  month = sep,
  volume = 559,
  pages = {307-317},
 doi = {10.1086/322323},
 adsurl = {http://adsabs.harvard.edu/abs/2001ApJ...559..307J},
 adsnote = {Provided by the SAO/NASA Astrophysics Data System}
 }

@ARTICLE{Motte2001,
    author = {{Motte}, F. and {Andr{\'e}}, P. and {Ward-Thompson}, D. and {Bontemps}, S.},
 title = "{A SCUBA survey of the NGC 2068/2071 protoclusters}",
   journal = {\aap},
   eprint = {astro-ph/0105019},
  keywords = {ISM: CLOUDS, ISM: STRUCTURE, DUST, STARS: FORMATION, STARS: INITIAL MASS FUNCTION, SUBMILLIMETER},
  year = 2001,
   month = jun,
  volume = 372,
  pages = {L41-L44},
  doi = {10.1051/0004-6361:20010543},
  adsurl = {http://adsabs.harvard.edu/abs/2001A%26A...372L..41M},
  adsnote = {Provided by the SAO/NASA Astrophysics Data System}
 }

@ARTICLE{Evans2009,
   author = {{Evans}, II, N.~J. and {Dunham}, M.~M. and {J{\o}rgensen}, J.~K. and 
{Enoch}, M.~L. and {Mer{\'{\i}}n}, B. and {van Dishoeck}, E.~F. and {Alcal{\'a}}, J.~M. and {Myers}, P.~C. and {Stapelfeldt}, K.~R. and {Huard}, T.~L. and {Allen}, L.~E. and {Harvey}, P.~M. and {van Kempen}, T. and {Blake}, G.~A. and {Koerner}, D.~W. and {Mundy}, L.~G. and {Padgett}, D.~L. and {Sargent}, A.~I.},
   title = "{The Spitzer c2d Legacy Results: Star-Formation Rates and Efficiencies; Evolution and Lifetimes}",
   journal = {\apjs},
   archivePrefix = "arXiv",
   eprint = {0811.1059},
 keywords = {dust, extinction, infrared: stars, ISM: clouds, stars: formation},
     year = 2009,
      month = apr,
     volume = 181,
     eid = {321},
     pages = {321-350},
    doi = {10.1088/0067-0049/181/2/321},
   adsurl = {http://adsabs.harvard.edu/abs/2009ApJS..181..321E},
  adsnote = {Provided by the SAO/NASA Astrophysics Data System}}

@ARTICLE{Giannini2011,
   author = {{Giannini}, T. and {Nisini}, B. and {Neufeld}, D. and {Yuan}, Y. and 
{Antoniucci}, S. and {Gusdorf}, A.},
  title = "{Spitzer Spectral Line Mapping of Protostellar Outflows. III. H$_{2}$ Emission in L1448, BHR71, and NGC2071}",
   journal = {\apj},
  archivePrefix = "arXiv",
   eprint = {1106.2722},
 primaryClass = "astro-ph.SR",
 keywords = {ISM: individual objects: L1448 BHR71 NGC2071, ISM: jets and outflows, ISM: lines and bands, stars: formation},
   year = 2011,
  month = sep,
     volume = 738,
      eid = {80},
    pages = {80},
     doi = {10.1088/0004-637X/738/1/80},
    adsurl = {http://adsabs.harvard.edu/abs/2011ApJ...738...80G},
   adsnote = {Provided by the SAO/NASA Astrophysics Data System}
  }

@ARTICLE{Melnick2008,
     author = {{Melnick}, G.~J. and {Tolls}, V. and {Neufeld}, D.~A. and {Yuan}, Y. and {Sonnentrucker}, P. and {Watson}, D.~M. and {Bergin}, E.~A. and {Kaufman}, M.~J.},
   title = "{Detection of Extended Hot Water in the Outflow from NGC 2071}",
      journal = {\apj},
     archivePrefix = "arXiv",
     eprint = {0805.0573},
 keywords = {ISM: Abundances, ISM: Jets and Outflows, ISM: Molecules, Stars: Formation, Stars: Winds, Outflows},
    year = 2008,
    month = aug,
   volume = 683,
   pages = {876-892},
   doi = {10.1086/589853},
  adsurl = {http://adsabs.harvard.edu/abs/2008ApJ...683..876M},
    adsnote = {Provided by the SAO/NASA Astrophysics Data System}
 }

@ARTICLE{Kempen2012,
   author = {{van Kempen}, T.~A. and {Longmore}, S.~N. and {Johnstone}, D. and 
{Pillai}, T. and {Fuente}, A.},
   title = "{The Small-scale Physical Structure and Fragmentation Difference of Two Embedded Intermediate-mass Protostars in Orion}",
  journal = {\apj},
  archivePrefix = "arXiv",
  eprint = {1203.3718},
  keywords = {ISM: kinematics and dynamics, stars: formation, submillimeter: ISM, techniques: interferometric},
  year = 2012,
  month = jun,
 volume = 751,
  eid = {137},
 pages = {137},
 doi = {10.1088/0004-637X/751/2/137},
  adsurl = {http://adsabs.harvard.edu/abs/2012ApJ...751..137V},
  adsnote = {Provided by the SAO/NASA Astrophysics Data System}}

@ARTICLE{C-G2012,
   author = {{Carrasco-Gonz{\'a}lez}, C. and {Osorio}, M. and {Anglada}, G. and 
  {D'Alessio}, P. and {Rodr{\'{\i}}guez}, L.~F. and {G{\'o}mez}, J.~F. and 
{Torrelles}, J.~M.},
    title = "{Multiplicity, Disks, and Jets in the NGC 2071 Star-forming Region}",
      journal = {\apj},
      archivePrefix = "arXiv",
        eprint = {1111.5469},
 keywords = {ISM: individual objects: NGC 2071, ISM: jets and outflows, protoplanetary disks, radio continuum: ISM, stars: formation},
      year = 2012,
      month = feb,
     volume = 746,
     eid = {71},
   pages = {71},
    doi = {10.1088/0004-637X/746/1/71},
   adsurl = {http://adsabs.harvard.edu/abs/2012ApJ...746...71C},
   adsnote = {Provided by the SAO/NASA Astrophysics Data System}
							   }
@ARTICLE{Megeath2012,
   author = {{Megeath}, S.~T. and {Gutermuth}, R. and {Muzerolle}, J. and 
{Kryukova}, E. and {Flaherty}, K. and {Hora}, J.~L. and {Allen}, L.~E. and 
{Hartmann}, L. and {Myers}, P.~C. and {Pipher}, J.~L. and {Stauffer}, J. and 
{Young}, E.~T. and {Fazio}, G.~G.},
   title = "{The Spitzer Space Telescope Survey of the Orion A and B Molecular Clouds. I. A Census of Dusty Young Stellar Objects and a Study of Their Mid-infrared Variability}",
    journal = {\aj},
    archivePrefix = "arXiv",
   eprint = {1209.3826},
 keywords = {infrared: stars, ISM: individual objects: Orion A Orion B, stars: formation, stars: variables: T Tauri, Herbig Ae/Be},
    year = 2012,
    month = dec,
    volume = 144,
    eid = {192},
    pages = {192},
   doi = {10.1088/0004-6256/144/6/192},
   adsurl = {http://adsabs.harvard.edu/abs/2012AJ....144..192M},
  adsnote = {Provided by the SAO/NASA Astrophysics Data System}
}

@ARTICLE{A-T1982,
   author = {{Anthony-Twarog}, B.~J.},
    title = "{The H-beta distance scale for B stars - The Orion association}",
  journal = {\aj},
 keywords = {B Stars, Distance, H Beta Line, Orion Constellation, Stellar Magnitude, Stellar Spectrophotometry, Electrophotometers, Interstellar Extinction, Stellar Evolution, Ubv Spectra},
     year = 1982,
    month = aug,
   volume = 87,
    pages = {1213-1222},
      doi = {10.1086/113204},
   adsurl = {http://adsabs.harvard.edu/abs/1982AJ.....87.1213A},
  adsnote = {Provided by the SAO/NASA Astrophysics Data System}
}

@ARTICLE{Aspin1992,
   author = {{Aspin}, C. and {Sandell}, G. and {Walther}, D.~M.},
    title = "{Fabry-Perot imaging of molecular hydrogen in NGC 2071}",
  journal = {\mnras},
 keywords = {Fabry-Perot Interferometers, Hydrogen, Infrared Astronomy, Interstellar Gas, Molecular Gases, Pre-Main Sequence Stars, Line Spectra, Red Shift, Stellar Evolution},
     year = 1992,
    month = oct,
   volume = 258,
    pages = {684-692},
   adsurl = {http://adsabs.harvard.edu/abs/1992MNRAS.258..684A},
  adsnote = {Provided by the SAO/NASA Astrophysics Data System}
}

@ARTICLE{Bally1982,
   author = {{Bally}, J.},
    title = "{Energetic activity in a star-forming molecular cloud core - A disk constrained bipolar outflow in NGC 2071}",
  journal = {\apj},
 keywords = {Carbon Monoxide, Gas Flow, Infrared Astronomy, Molecular Clouds, Planetary Nebulae, Astronomical Maps, Emission Spectra, Kinematics, Line Spectra, Rotating Disks},
     year = 1982,
    month = oct,
   volume = 261,
    pages = {558-568},
      doi = {10.1086/160366},
   adsurl = {http://adsabs.harvard.edu/abs/1982ApJ...261..558B},
  adsnote = {Provided by the SAO/NASA Astrophysics Data System}
}

@ARTICLE{Buckle2010,
   author = {{Buckle}, J.~V. and {Curtis}, E.~I. and {Roberts}, J.~F. and 
	{White}, G.~J. and {Hatchell}, J. and {Brunt}, C. and {Butner}, H.~M. and 
	{Cavanagh}, B. and {Chrysostomou}, A. and {Davis}, C.~J. and 
	{Duarte-Cabral}, A. and {Etxaluze}, M. and {di Francesco}, J. and 
	{Friberg}, P. and {Friesen}, R. and {Fuller}, G.~A. and {Graves}, S. and 
	{Greaves}, J.~S. and {Hogerheijde}, M.~R. and {Johnstone}, D. and 
	{Matthews}, B. and {Matthews}, H. and {Nutter}, D. and {Rawlings}, J.~M.~C. and 
	{Richer}, J.~S. and {Sadavoy}, S. and {Simpson}, R.~J. and {Tothill}, N.~F.~H. and 
	{Tsamis}, Y.~G. and {Viti}, S. and {Ward-Thompson}, D. and {Wouterloot}, J.~G.~A. and 
	{Yates}, J.},
    title = "{The JCMT Legacy Survey of the Gould Belt: a first look at Orion B with HARP}",
  journal = {\mnras},
archivePrefix = "arXiv",
   eprint = {0908.4162},
 keywords = {molecular data, stars: formation, ISM: kinematics and dynamics, submillimetre},
     year = 2010,
    month = jan,
   volume = 401,
    pages = {204-222},
      doi = {10.1111/j.1365-2966.2009.15619.x},
   adsurl = {http://adsabs.harvard.edu/abs/2010MNRAS.401..204B},
  adsnote = {Provided by the SAO/NASA Astrophysics Data System}
}

@ARTICLE{Butner1990,
   author = {{Butner}, H.~M. and {Evans}, II, N.~J. and {Harvey}, P.~M. and 
	{Mundy}, L.~G. and {Natta}, A. and {Randich}, M.~S.},
    title = "{High-resolution, far-infrared observations of NGC 2071}",
  journal = {\apj},
 keywords = {Far Infrared Radiation, Infrared Sources (Astronomy), Reflection Nebulae, Astronomical Models, Cosmic Dust, Density Distribution, Luminosity, Radiative Transfer, Temperature Distribution},
     year = 1990,
    month = nov,
   volume = 364,
    pages = {164-172},
      doi = {10.1086/169398},
   adsurl = {http://adsabs.harvard.edu/abs/1990ApJ...364..164B},
  adsnote = {Provided by the SAO/NASA Astrophysics Data System}
}

@ARTICLE{Chernin1993,
   author = {{Chernin}, L. and {Masson}, C.},
    title = "{Observations of SO and SiO in the outflow from NGC 2071}",
  journal = {\apjl},
 keywords = {Molecular Flow, Reflection Nebulae, Silicon Oxides, Sulfur Oxides, Astronomical Maps, Bow Waves, Shock Waves, Stellar Models},
     year = 1993,
    month = jan,
   volume = 403,
    pages = {L21-L24},
      doi = {10.1086/186712},
   adsurl = {http://adsabs.harvard.edu/abs/1993ApJ...403L..21C},
  adsnote = {Provided by the SAO/NASA Astrophysics Data System}
}

@ARTICLE{Flaherty2008,
   author = {{Flaherty}, K.~M. and {Muzerolle}, J.},
    title = "{Evidence for Early Circumstellar Disk Evolution in NGC 2068/71}",
  journal = {\aj},
archivePrefix = "arXiv",
   eprint = {0712.1601},
 keywords = {circumstellar matter, ISM: individual: NGC 2068: NGC 2071, planetary systems: protoplanetary disks, stars: formation, stars: pre-main sequence},
     year = 2008,
    month = mar,
   volume = 135,
    pages = {966-983},
      doi = {10.1088/0004-6256/135/3/966},
   adsurl = {http://adsabs.harvard.edu/abs/2008AJ....135..966F},
  adsnote = {Provided by the SAO/NASA Astrophysics Data System}
}

@ARTICLE{Harvey1979,
   author = {{Harvey}, P.~M. and {Campbell}, M.~F. and {Hoffmann}, W.~F. and 
	{Thronson}, Jr., H.~A. and {Gatley}, I.},
    title = "{Infrared observations of NGC 2071/IRS/ and AFGL 490 - Two low-luminosity young stars}",
  journal = {\apj},
 keywords = {Early Stars, Hydrogen Clouds, Infrared Stars, Stellar Evolution, Stellar Luminosity, Infrared Spectra, Main Sequence Stars, Spectral Energy Distribution, Stellar Spectrophotometry},
     year = 1979,
    month = may,
   volume = 229,
    pages = {990-993},
      doi = {10.1086/157033},
   adsurl = {http://adsabs.harvard.edu/abs/1979ApJ...229..990H},
  adsnote = {Provided by the SAO/NASA Astrophysics Data System}
}

@ARTICLE{Houde2001,
   author = {{Houde}, M. and {Phillips}, T.~G. and {Bastien}, P. and {Peng}, R. and 
	{Yoshida}, H.},
    title = "{The Alignment of the Magnetic Field and Collimated Outflows in Star-forming Regions: The Case of NGC 2071}",
  journal = {\apj},
   eprint = {astro-ph/0311353},
 keywords = {ISM: Clouds, ISM: individual (NGC 2071), ISM: Magnetic Fields, ISM: Molecules},
     year = 2001,
    month = jan,
   volume = 547,
    pages = {311-316},
      doi = {10.1086/318339},
   adsurl = {http://adsabs.harvard.edu/abs/2001ApJ...547..311H},
  adsnote = {Provided by the SAO/NASA Astrophysics Data System}
}

@ARTICLE{Kitamura1990,
   author = {{Kitamura}, Y. and {Kawabe}, R. and {Yamashita}, T. and {Hayashi}, M.
	},
    title = "{High-resolution mapping of the bipolar outflow in NGC 2071 - Evidence for a wind-driven molecular outflow}",
  journal = {\apj},
 keywords = {Astronomical Maps, Interstellar Matter, Molecular Flow, Nebulae, Stellar Winds, Carbon Disulfide, Carbon Monoxide, Line Spectra, Protostars, Radio Astronomy},
     year = 1990,
    month = nov,
   volume = 363,
    pages = {180-191},
      doi = {10.1086/169328},
   adsurl = {http://adsabs.harvard.edu/abs/1990ApJ...363..180K},
  adsnote = {Provided by the SAO/NASA Astrophysics Data System}
}

@ARTICLE{Lada1991,
   author = {{Lada}, E.~A. and {Depoy}, D.~L. and {Evans}, II, N.~J. and 
	{Gatley}, I.},
    title = "{A 2.2 micron survey in the L1630 molecular cloud}",
  journal = {\apj},
 keywords = {Infrared Astronomy, Molecular Clouds, Star Clusters, Star Formation, Astronomical Photometry, Early Stars},
     year = 1991,
    month = apr,
   volume = 371,
    pages = {171-182},
      doi = {10.1086/169881},
   adsurl = {http://adsabs.harvard.edu/abs/1991ApJ...371..171L},
  adsnote = {Provided by the SAO/NASA Astrophysics Data System}
}

@ARTICLE{Launhardt1996,
   author = {{Launhardt}, R. and {Mezger}, P.~G. and {Haslam}, C.~G.~T. and 
	{Kreysa}, E. and {Lemke}, R. and {Sievers}, A. and {Zylka}, R.
	},
    title = "{Dust emission from star-forming regions. IV. Dense cores in the Orion B molecular cloud.}",
  journal = {\aap},
 keywords = {INTERSTELLAR MEDIUM, DUST, CLOUDS: INDIVIDUAL (LYNDS 1630), STARS: FORMATION OF},
     year = 1996,
    month = aug,
   volume = 312,
    pages = {569-584},
   adsurl = {http://adsabs.harvard.edu/abs/1996A%26A...312..569L},
  adsnote = {Provided by the SAO/NASA Astrophysics Data System}
}

@ARTICLE{Mitchell2001,
   author = {{Mitchell}, G.~F. and {Johnstone}, D. and {Moriarty-Schieven}, G. and 
	{Fich}, M. and {Tothill}, N.~F.~H.},
    title = "{A Submillimeter Dust and Gas Study of the Orion B Molecular Cloud}",
  journal = {\apj},
 keywords = {Infrared: ISM: Continuum, ISM: Individual: Name: Orion B, ISM: Structure, Stars: Formation},
     year = 2001,
    month = jul,
   volume = 556,
    pages = {215-229},
      doi = {10.1086/321574},
   adsurl = {http://adsabs.harvard.edu/abs/2001ApJ...556..215M},
  adsnote = {Provided by the SAO/NASA Astrophysics Data System}
}

@ARTICLE{Persson1981,
   author = {{Persson}, S.~E. and {Geballe}, T.~R. and {Simon}, T. and {Lonsdale}, C.~J. and 
	{Baas}, F.},
    title = "{High Velocity h2 Line Emission in the NGC2071 Region}",
  journal = {\apjl},
     year = 1981,
    month = dec,
   volume = 251,
    pages = {L85},
      doi = {10.1086/183699},
   adsurl = {http://adsabs.harvard.edu/abs/1981ApJ...251L..85P},
  adsnote = {Provided by the SAO/NASA Astrophysics Data System}
}

@ARTICLE{Skinner2007,
   author = {{Skinner}, S.~L. and {Simmons}, A.~E. and {Audard}, M. and {G{\"u}del}, M.
	},
    title = "{Hard X-Rays and Fluorescent Iron Emission from the Embedded Infrared Cluster in NGC 2071}",
  journal = {\apj},
   eprint = {astro-ph/0612563},
 keywords = {Galaxy: Open Clusters and Associations: Individual: NGC Number: NGC 2071, Stars: Formation, X-Rays: Stars},
     year = 2007,
    month = apr,
   volume = 658,
    pages = {1144-1151},
      doi = {10.1086/511815},
   adsurl = {http://adsabs.harvard.edu/abs/2007ApJ...658.1144S},
  adsnote = {Provided by the SAO/NASA Astrophysics Data System}
}

@ARTICLE{Skinner2009,
   author = {{Skinner}, S.~L. and {Sokal}, K.~R. and {Megeath}, S.~T. and 
	{G{\"u}del}, M. and {Audard}, M. and {Flaherty}, K.~M. and {Meyer}, M.~R. and 
	{Damineli}, A.},
    title = "{Chandra and Spitzer Imaging of the Infrared Cluster in NGC 2071}",
  journal = {\apj},
archivePrefix = "arXiv",
   eprint = {0906.2428},
 primaryClass = "astro-ph.SR",
 keywords = {open clusters and associations: individual: NGC 2071, stars: formation, stars: individual: IRS 1, X-rays: stars},
     year = 2009,
    month = aug,
   volume = 701,
    pages = {710-724},
      doi = {10.1088/0004-637X/701/1/710},
   adsurl = {http://adsabs.harvard.edu/abs/2009ApJ...701..710S},
  adsnote = {Provided by the SAO/NASA Astrophysics Data System}
}

@ARTICLE{Spezzi2015,
   author = {{Spezzi}, L. and {Petr-Gotzens}, M.~G. and {Alcal{\'a}}, J.~M. and 
	{J{\o}rgensen}, J.~K. and {Stanke}, T. and {Lombardi}, M. and 
	{Alves}, J.~F.},
    title = "{The VISTA Orion mini-survey: star formation in the Lynds 1630 North cloud}",
  journal = {ArXiv e-prints},
archivePrefix = "arXiv",
   eprint = {1505.04631},
 primaryClass = "astro-ph.SR",
 keywords = {Astrophysics - Solar and Stellar Astrophysics},
     year = 2015,
    month = may,
   adsurl = {http://adsabs.harvard.edu/abs/2015arXiv150504631S},
  adsnote = {Provided by the SAO/NASA Astrophysics Data System}
}

@ARTICLE{Stoji2008,
   author = {{Stojimirovi{\'c}}, I. and {Snell}, R.~L. and {Narayanan}, G.
	},
    title = "{Multiple Parsec-Scale Outflows in the NGC 2071 Cluster}",
  journal = {\apj},
 keywords = {ISM: Clouds, ISM: Individual: NGC Number: NGC 2071, ISM: Jets and Outflows, Stars: Formation, Stars: Winds, Outflows},
     year = 2008,
    month = may,
   volume = 679,
    pages = {557-569},
      doi = {10.1086/586688},
   adsurl = {http://adsabs.harvard.edu/abs/2008ApJ...679..557S},
  adsnote = {Provided by the SAO/NASA Astrophysics Data System}
}

@ARTICLE{Strom1976,
   author = {{Strom}, K.~M. and {Strom}, S.~E. and {Vrba}, F.~J.},
    title = "{Infrared surveys of dark-cloud complexes. I. The Lynds 1630 dark cloud.}",
  journal = {\aj},
     year = 1976,
    month = may,
   volume = 81,
    pages = {308-313},
      doi = {10.1086/111888},
   adsurl = {http://adsabs.harvard.edu/abs/1976AJ.....81..308S},
  adsnote = {Provided by the SAO/NASA Astrophysics Data System}
}

@ARTICLE{Trinidad2009,
   author = {{Trinidad}, M.~A. and {Rodr{\'{\i}}guez}, T. and {Rodr{\'{\i}}guez}, L.~F.
	},
    title = "{Radio Jets and Disks in the Intermediate-Mass Star-Forming Region NGC2071IR}",
  journal = {\apj},
 keywords = {ISM: individual: NGC2071, ISM: jets and outflows, ISM: molecules, masers, radio continuum: ISM, stars: formation},
     year = 2009,
    month = nov,
   volume = 706,
    pages = {244-251},
      doi = {10.1088/0004-637X/706/1/244},
   adsurl = {http://adsabs.harvard.edu/abs/2009ApJ...706..244T},
  adsnote = {Provided by the SAO/NASA Astrophysics Data System}
}

@ARTICLE{Kempen2014,
   author = {{van Kempen}, T.~A. and {McCoey}, C. and {Tisi}, S. and {Johnstone}, D. and 
	{Fich}, M.},
    title = "{The origin of organic emission in NGC 2071}",
  journal = {\aap},
archivePrefix = "arXiv",
   eprint = {1407.2426},
 primaryClass = "astro-ph.SR",
 keywords = {stars: formation, submillimeter: ISM, stars: protostars, circumstellar matter},
     year = 2014,
    month = sep,
   volume = 569,
      eid = {A53},
    pages = {A53},
      doi = {10.1051/0004-6361/201423821},
   adsurl = {http://adsabs.harvard.edu/abs/2014A%26A...569A..53V},
  adsnote = {Provided by the SAO/NASA Astrophysics Data System}
}

@ARTICLE{Yamashita1989,
   author = {{Yamashita}, T. and {Hayashi}, S.~S. and {Kaifu}, N. and {Kameya}, O. and 
	{Ukita}, N. and {Hasegawa}, T.},
    title = "{The inner, dense part of the protostellar disk - A CS J = 7-6 observation around NGC 2071 IRS}",
  journal = {\apjl},
 keywords = {Accretion Disks, Carbon Compounds, Microwave Spectra, Protostars, Star Formation, Sulfides, Millimeter Waves, Stellar Envelopes},
     year = 1989,
    month = dec,
   volume = 347,
    pages = {L85-L88},
      doi = {10.1086/185614},
   adsurl = {http://adsabs.harvard.edu/abs/1989ApJ...347L..85Y},
  adsnote = {Provided by the SAO/NASA Astrophysics Data System}
}

@ARTICLE{Zhou1990,
   author = {{Zhou}, S. and {Evans}, II, N.~J. and {Mundy}, L.~G.},
    title = "{An NH3 ring around the infrared sources in NGC 2071}",
  journal = {\apj},
 keywords = {Ammonia, H Ii Regions, Infrared Sources (Astronomy), Interstellar Matter, Hyperfine Structure, Molecular Spectra, Orion Constellation, Very Large Array (Vla)},
     year = 1990,
    month = may,
   volume = 355,
    pages = {159-165},
      doi = {10.1086/168749},
   adsurl = {http://adsabs.harvard.edu/abs/1990ApJ...355..159Z},
  adsnote = {Provided by the SAO/NASA Astrophysics Data System}
}