%% Created using Papers on Mon, 18 Jul 2016.
%% http://papersapp.com/papers/

@article{Hill:1997cg,
author = {Hill, Kent B and Basinger, Scott A and Stack, Ronald A and Brady, David J},
title = {{Noise and information in interferometric cross correlators}},
journal = {Applied Optics IP},
year = {1997},
volume = {36},
number = {17},
pages = {3948},
month = jun
}

@article{Motte:2001df,
author = {Motte, F and Andr{\'e}, P},
title = {{The circumstellar environment of low-mass protostars: A millimeter continuum mapping survey}},
journal = {Astronomy and Astrophysics},
year = {2001},
volume = {365},
number = {3},
pages = {440--464},
month = jan
}

@inproceedings{Leisawitz:2012ik,
author = {Leisawitz, David and Bolcar, Matthew R and Lyon, Richard G and Maher, Stephen F and Memarsadeghi, Nargess and Rinehart, Stephen A and Sinukoff, Evan J},
title = {{Developing wide-field spatio-spectral interferometry for far-infrared space applications}},
booktitle = {Optical and Infrared Interferometry III. Proceedings of the SPIE},
year = {2012},
editor = {Delplancke, Fran{\c c}oise and Rajagopal, Jayadev K and Malbet, Fabien},
pages = {84450A},
organization = {NASA Goddard Space Flight Ctr. (United States)},
publisher = {SPIE},
month = jul,
annote = {ISBN: 9780819491466}
}

@article{Li:2001gk,
author = {Li, Aigen and Draine, B T},
title = {{Infrared Emission from Interstellar Dust. II. The Diffuse Interstellar Medium}},
journal = {The Astrophysical Journal},
year = {2001},
volume = {554},
number = {2},
pages = {778--802},
month = jun
}

@article{Lau:2015fg,
author = {Lau, R M and Herter, T L and Morris, M R and Li, Z and Adams, J D},
title = {{Old supernova dust factory revealed at the Galactic center}},
journal = {Science},
year = {2015},
volume = {348},
number = {6},
pages = {413--418},
month = apr
}

@article{Valdettaro:2002di,
author = {Valdettaro, R and Palla, F and Brand, J and Cesaroni, R and Comoretto, G and Felli, M and Palagi, F},
title = {{Long-term study of water maser emission associated with young stellar objects. I. The database}},
journal = {Astronomy and Astrophysics},
year = {2002},
volume = {383},
number = {1},
pages = {244--266},
month = jan
}

@article{Basden:2003hua,
author = {Basden, A G and Haniff, C A and Mackay, C D},
title = {{Photon counting strategies with low-light-level CCDs}},
journal = {Monthly Notices of the Royal Astronomical Society},
year = {2003},
volume = {345},
number = {3},
pages = {985--991},
month = nov
}

@article{deGroot:1995woa,
author = {de Groot, Peter J},
title = {{Vibration in phase-shifting interferometry: errata}},
journal = {Journal of the Optical Society of America A: Optics},
year = {1995},
volume = {12},
pages = {2212},
month = oct
}

@article{Fuente:2008co,
author = {Fuente, A},
title = {{High angular resolution imaging of the circumstellar material around intermediate mass (IM) stars}},
journal = {Astrophysics and Space Science},
year = {2008},
volume = {313},
number = {1-3},
pages = {135--139},
month = jan
}

@article{Larkin:1996gfa,
author = {Larkin, Kieran G},
title = {{Efficient nonlinear algorithm for envelope detection in white light interferometry}},
journal = {Journal of the Optical Society of America A: Optics},
year = {1996},
volume = {13},
number = {4},
pages = {832},
month = apr
}

@article{Wilking:1989el,
author = {Wilking, B A and Blackwell, J H and Mundy, L G and Howe, J E},
title = {{A millimeter-wave spectral-line and continuum survey of cold IRAS sources}},
journal = {Astrophysical Journal},
year = {1989},
volume = {345},
pages = {257--264},
month = oct
}

@article{vanderMarel:2015bi,
author = {van der Marel, N and van Dishoeck, E F and Bruderer, S and P{\'e}rez, L and Isella, A},
title = {{Gas density drops inside dust cavities of transitional disks around young stars observed with ALMA}},
journal = {Astronomy and Astrophysics},
year = {2015},
volume = {579},
pages = {A106},
month = jul
}

@article{2006ASPC..357..265F,
author = {Frayer, D T},
title = {{MIPS 70$\mu$m Observations of the Spitzer Extragalactic First Look Survey}},
journal = {The Spitzer Space Telescope: New Views of the Cosmos ASP Conference Series},
year = {2006},
volume = {357},
pages = {265},
month = dec
}

@article{Brault:1987ws,
author = {Brault, J W},
title = {{High Precision Fourier Transform Spectrometry: The Critical Role of Phase Corrections}},
journal = {Recent Aspects of Fourier Transform Spectroscopy},
year = {1987},
volume = {3},
pages = {215},
month = jan
}

@article{Rizzo:2012jp,
author = {Rizzo, Maxime J and Rinehart, Stephen A and Barry, Richard K and Benford, Dominic J and Fixsen, Dale J and Kale, Todd and Leisawitz, David T and Lyon, Richard G and Mentzell, Eric and Mundy, Lee G and Silverberg, Robert F},
title = {{Tracking near-infrared fringes on BETTII: a balloon-borne, 8m-baseline interferometer}},
journal = {Optical and Infrared Interferometry III. Proceedings of the SPIE},
year = {2012},
volume = {8445},
pages = {84451T},
month = jul,
annote = {ISBN: 9780819491466
(c) : SPIE. Downloading of the abstract is permitted for personal use only.}
}

@article{Furlan:2016df,
author = {Furlan, E and Fischer, W J and Ali, B and Stutz, A M and Stanke, T and Tobin, J J and Megeath, S T and Osorio, M and Hartmann, L and Calvet, N and Poteet, C A and Booker, J and Manoj, P and Watson, D M and Allen, L},
title = {{The Herschel Orion Protostar Survey: Spectral Energy Distributions and Fits Using a Grid of Protostellar Models}},
journal = {The Astrophysical Journal Supplement Series},
year = {2016},
volume = {224},
number = {1},
pages = {5},
month = may
}

@article{Harvey:2012kw,
author = {Harvey, Paul M and Adams, Joseph D and Herter, Terry L and Gull, George and Schoenwald, Justin and Keller, Luke D and De Buizer, James M and Vacca, William and Reach, William and Becklin, E E},
title = {{First Science Results from SOFIA/FORCAST: Super-resolution Imaging of the S140 Cluster at 37 $\mu$m}},
journal = {The Astrophysical Journal Letters},
year = {2012},
volume = {749},
number = {2},
pages = {L20},
month = apr
}

@article{Hopkins:2006bqa,
author = {Hopkins, Andrew M and Beacom, John F},
title = {{On the Normalization of the Cosmic Star Formation History}},
journal = {The Astrophysical Journal},
year = {2006},
volume = {651},
number = {1},
pages = {142--154},
month = nov
}

@article{1985ApJ...297..751D,
author = {Dame, T M and Thaddeus, P},
title = {{A wide-latitude CO survey of molecular clouds in the northern Milky Way}},
journal = {Astrophysical Journal},
year = {1985},
volume = {297},
pages = {751--765},
month = oct
}

@article{Robitaille:2007dl,
author = {Robitaille, Thomas P and Whitney, Barbara A and Indebetouw, R{\'e}my and Wood, Kenneth},
title = {{Interpreting Spectral Energy Distributions from Young Stellar Objects. II. Fitting Observed SEDs Using a Large Grid of Precomputed Models}},
journal = {The Astrophysical Journal Supplement Series},
year = {2007},
volume = {169},
number = {2},
pages = {328--352},
month = apr
}

@article{2007ApJ...660L.133B,
author = {Brogan, C L and Chandler, C J and Hunter, T R and Shirley, Y L and Sarma, A P},
title = {{Arcsecond-Scale Kinematic and Chemical Complexity in Cepheus A East}},
journal = {The Astrophysical Journal},
year = {2007},
volume = {660},
number = {2},
pages = {L133--L136},
month = may
}

@article{Williams:2000wl,
author = {Williams, J P and Blitz, L and McKee, C F},
title = {{The Structure and Evolution of Molecular Clouds: from Clumps to Cores to the IMF}},
journal = {Protostars and Planets IV (Book - Tucson: University of Arizona Press; eds Mannings},
year = {2000},
pages = {97--},
month = may
}

@article{Wolfire:1986fw,
author = {Wolfire, Mark G and Cassinelli, Joseph P},
title = {{The temperature structure in accretion flows onto massive protostars}},
journal = {Astrophysical Journal},
year = {1986},
volume = {310},
pages = {207--221},
month = nov
}

@book{Anonymous:1xkGVcx0,
title = {{Handbook of Star Forming Regions, Volume I}},
year = {2008},
month = dec
}

@article{1999Ap&SS.269..563L,
author = {Leisawitz, David and Mather, John C and Harvey Moseley, S Jr and Zhang, Xiaolei},
title = {{The Submillimeter Probe of the Evolution of Cosmic Structure (SPECS)}},
journal = {Astrophysics and Space Science},
year = {1999},
volume = {269},
pages = {563--567},
month = dec
}

@article{Mandolesi:1998wt,
author = {Mandolesi, N and Attolini, M R and Cortiglioni, S and Morigi, G and Valenziano, L and Ventura, G and Boscaleri, A and Franceschini, A and Danese, L and Partridge, R B},
title = {{Observations of the diffuse near-IR sky emission with a balloon-borne infrared telescope (TRIP)}},
journal = {Astronomy and Astrophysics},
year = {1998},
volume = {331},
pages = {463},
month = mar
}

@article{Walkup:1973wra,
author = {Walkup, J F and Goodman, J W},
title = {{Limitations of fringe-parameter estimation at low light levels}},
journal = {Journal of the Optical Society of America},
year = {1973},
volume = {63},
pages = {399},
month = apr
}

@article{Allen:2006jn,
author = {Allen, Christine A and Abrahams, John and Benford, Dominic J and Chervenak, James A and Chuss, David T and Staguhn, Johannes G and Miller, Timothy M and Moseley, S Harvey and Wollack, Edward J},
title = {{Far infrared through millimeter backshort-under-grid arrays}},
journal = {Millimeter and Submillimeter Detectors and Instrumentation for Astronomy III. Edited by Zmuidzinas},
year = {2006},
volume = {6275},
pages = {62750B--62750B--8},
month = jun
}

@article{Stutz:2013ka,
author = {Stutz, Amelia M and Tobin, John J and Stanke, Thomas and Megeath, S Thomas and Fischer, William J and Robitaille, Thomas and Henning, Thomas and Ali, Babar and Di Francesco, James and Furlan, Elise and Hartmann, Lee and Osorio, Mayra and Wilson, Thomas L and Allen, Lori and Krause, Oliver and Manoj, P},
title = {{A Herschel and APEX Census of the Reddest Sources in Orion: Searching for the Youngest Protostars}},
journal = {The Astrophysical Journal},
year = {2013},
volume = {767},
number = {1},
pages = {36},
month = apr
}

@article{Mathis:1977hp,
author = {Mathis, J S and Rumpl, W and Nordsieck, K H},
title = {{The size distribution of interstellar grains}},
journal = {Astrophysical Journal},
year = {1977},
volume = {217},
pages = {425--433},
month = oct
}

@article{Shimizu:2016if,
author = {Shimizu, T Taro and Mel{\'e}ndez, Marcio and Mushotzky, Richard F and Koss, Michael J and Barger, Amy J and Cowie, Lennox L},
title = {{Herschel far-infrared photometry of the Swift Burst Alert Telescope active galactic nuclei sample of the local universe - II. SPIRE observations}},
journal = {Monthly Notices of the Royal Astronomical Society},
year = {2016},
volume = {456},
number = {3},
pages = {3335--3353},
month = mar
}

@article{Hartmann:1996gd,
author = {Hartmann, Lee and Kenyon, Scott J},
title = {{The FU Orionis Phenomenon}},
journal = {Annual Review of Astronomy and Astrophysics},
year = {1996},
volume = {34},
number = {1},
pages = {207--240},
month = n/a
}

@article{Bate:2003cv,
author = {Bate, Matthew R and Bonnell, Ian A and Bromm, Volker},
title = {{The formation of a star cluster: predicting the properties of stars and brown dwarfs}},
journal = {Monthly Notice of the Royal Astronomical Society},
year = {2003},
volume = {339},
number = {3},
pages = {577--599},
month = mar
}

@article{Hennebelle:2012dk,
author = {Hennebelle, Patrick and Falgarone, Edith},
title = {{Turbulent molecular clouds}},
journal = {The Astronomy and Astrophysics Review},
year = {2012},
volume = {20},
number = {1},
pages = {55},
month = nov
}

@article{2015AAS...22525602M,
author = {Mundy, Lee G and Storm, Shaye and Rizzo, Maxime and Looney, Leslie and Chen, Che-Yu and Ostriker, Eve C and Lee, Katherine I and Team, Classy},
title = {{Kinematics of Filaments in Perseus and Serpens: Testing Filament Formation}},
journal = {American Astronomical Society},
year = {2015},
volume = {225},
month = jan
}

@article{Ohta:2006cn,
author = {Ohta, Izumi S and Hattori, Makoto and Matsuo, Hiroshi},
title = {{Development of a multi-Fourier-transform interferometer: fundamentals}},
journal = {Applied Optics IP},
year = {2006},
volume = {45},
number = {1},
pages = {2576--2585},
month = apr
}

@article{2008hsf1.book..136K,
author = {Kun, M and Kiss, Z T and Balog, Z},
title = {{Star Forming Regions in Cepheus}},
journal = {Handbook of Star Forming Regions},
year = {2008},
volume = {I},
pages = {136},
month = dec
}

@book{Taylor:1997uf,
author = {Taylor, John Robert},
title = {{An Introduction to Error Analysis}},
publisher = {University Science Books},
year = {1997},
series = {The Study of Uncertainties in Physical Measurements},
month = jan
}

@article{Bate:2005cr,
author = {Bate, Matthew R and Bonnell, Ian A},
title = {{The origin of the initial mass function and its dependence on the mean Jeans mass in molecular clouds}},
journal = {Monthly Notices of the Royal Astronomical Society},
year = {2005},
volume = {356},
number = {4},
pages = {1201--1221},
month = feb
}

@article{2015arXiv150301111P,
author = {Plunkett, Adele L and Arce, Hector G and Corder, Stuartt A and Dunham, Michael M and Garay, Guido and Mardones, Diego},
title = {{Assessing molecular outflows and turbulence in the protostellar cluster Serpens South}},
journal = {arXiv.org},
year = {2015},
eprint = {1503.01111},
eprinttype = {arxiv},
eprintclass = {1503},
pages = {1111},
month = mar,
annote = {26 pages, 15 figures, accepted for publication in the Astrophysical Journal}
}

@article{Leisawitz:2007if,
author = {Leisawitz, David and Baker, Charles and Barger, Amy and Benford, Dominic and Blain, Andrew and Boyle, Rob and Broderick, Richard and Budinoff, Jason and Carpenter, John and Caverly, Richard and Chen, Phil and Cooley, Steve and Cottingham, Christine and Crooke, Julie and Dipietro, Dave and Dipirro, Mike and Femiano, Michael and Ferrer, Art and Fischer, Jacqueline and Gardner, Jonathan P and Hallock, Lou and Harris, Kenny and Hartman, Kate and Harwit, Martin and Hillenbrand, Lynne and Hyde, Tupper and Jones, Drew and Kellogg, Jim and Kogut, Alan and Kuchner, Marc and Lawson, Bill and Lecha, Javier and Lecha, Maria and Mainzer, Amy and Mannion, Jim and Martino, Anthony and Mason, Paul and Mather, John and McDonald, Gibran and Mills, Rick and Mundy, Lee and Ollendorf, Stan and Pellicciotti, Joe and Quinn, Dave and Rhee, Kirk and Rinehart, Stephen and Sauerwine, Tim and Silverberg, Robert and Smith, Terry and Stacey, Gordon and Stahl, H Philip and Staguhn, Johannes and Tompkins, Steve and Tveekrem, June and Wall, Sheila and Wilson, Mark},
title = {{The space infrared interferometric telescope (SPIRIT): High-resolution imaging and spectroscopy in the far-infrared}},
journal = {Advances in Space Research},
year = {2007},
volume = {40},
number = {5},
pages = {689--703},
month = jan
}

@article{Carpenter:2000hr,
author = {Carpenter, John M},
title = {{2MASS Observations of the Perseus, Orion A, Orion B, and Monoceros R2 Molecular Clouds}},
journal = {The Astronomical Journal},
year = {2000},
volume = {120},
number = {6},
pages = {3139--3161},
month = dec
}

@article{2003ESASP.481..157M,
author = {M{\"u}ller, T G and Lagerros, J S V},
title = {{Asteroids as Calibration Standards in the Thermal Infrared -- Applications and Results from ISO}},
journal = {`The calibration legacy of the ISO Mission'},
year = {2003},
volume = {481},
pages = {157},
month = n/a
}

@article{Fischer:2012dj,
author = {Fischer, William J and Megeath, S Thomas and Tobin, John J and Stutz, Amelia M and Ali, Babar and Remming, Ian and Kounkel, Marina and Stanke, Thomas and Osorio, Mayra and Henning, Thomas and Manoj, P and Wilson, T L},
title = {{Multiwavelength Observations of V2775 Ori, an Outbursting Protostar in L 1641: Exploring the Edge of the FU Orionis Regime}},
journal = {The Astrophysical Journal},
year = {2012},
volume = {756},
number = {1},
pages = {99},
month = sep
}

@article{Gong:2011fb,
author = {Gong, Hao and Ostriker, Eve C},
title = {{Dense Core Formation in Supersonic Turbulent Converging Flows}},
journal = {The Astrophysical Journal},
year = {2011},
volume = {729},
number = {2},
pages = {120},
month = mar
}

@article{Myers:1991tm,
author = {Myers, P C},
title = {{The role of dense cores in isolated and cluster star formation}},
journal = {In: The formation and evolution of star clusters (A93-48676 20-90)},
year = {1991},
volume = {13},
pages = {73},
month = jan
}

@article{Maury:2009co,
author = {Maury, A J and Andr{\'e}, Ph and Li, Z Y},
title = {{Probing the role of protostellar feedback in clustered star formation. Mapping outflows in the collapsing protocluster NGC 2264-C}},
journal = {Astronomy and Astrophysics},
year = {2009},
volume = {499},
number = {1},
pages = {175--189},
month = may
}

@article{Goto:2003hd,
author = {Goto, Miwa and Usuda, Tomonori and Takato, Naruhisa and Hayashi, Masa and Sakamoto, Seiichi and Gaessler, W and Hayano, Yutaka and Iye, Masanori and Kamata, Yukiko and Kanzawa, Tomio and Kobayashi, Naoto and Minowa, Yosuke and Nedachi, Ko and Oya, Shin and Pyo, T S and Saint-Jacques, D and Suto, Hiroshi and Takami, Hideki and Terada, Hiroshi and Mitchell, George F},
title = {{Carbon Isotope Ratio in 12CO/13CO toward Local Molecular Clouds with Near-Infrared High-Resolution Spectroscopy of Vibrational Transition Bands}},
journal = {The Astrophysical Journal},
year = {2003},
volume = {598},
pages = {1038},
month = dec
}

@article{Adams:1987gy,
author = {Adams, Fred C and Lada, Charles J and Shu, Frank H},
title = {{Spectral evolution of young stellar objects}},
journal = {Astrophysical Journal},
year = {1987},
volume = {312},
pages = {788--806},
month = jan
}

@article{Staguhn:2014jg,
author = {Staguhn, Johannes and Benford, Dominic and Dwek, Eli and Hilton, Gene and Fixsen, Dale and Irwin, Kent and Jhabvala, Christine and Kovacs, Attila and Leclercq, Samuel and Maher, Stephen and Miller, Tim and Moseley, S Harvey and Sharp, Elmer and Wollack, Edward},
title = {{Design and Expected Performance of GISMO-2, a Two Color Millimeter Camera for the IRAM 30 m Telescope}},
journal = {Journal of Low Temperature Physics},
year = {2014},
volume = {176},
number = {5},
pages = {829--834},
month = sep
}

@article{vanKempen:2012fb,
author = {van Kempen, T A and Longmore, S N and Johnstone, D and Pillai, T and Fuente, A},
title = {{The Small-scale Physical Structure and Fragmentation Difference of Two Embedded Intermediate-mass Protostars in Orion}},
journal = {The Astrophysical Journal},
year = {2012},
volume = {751},
number = {2},
pages = {137},
month = jun
}

@article{Gurvich:2007dba,
author = {Gurvich, A S and Sofieva, V F and Dalaudier, F},
title = {{Global distribution of CT2 at altitudes 30-50 km from space-borne observations of stellar scintillation}},
journal = {Geophysical Research Letters},
year = {2007},
volume = {34},
number = {24},
pages = {24813},
month = dec
}

@article{Buckle:2012ep,
author = {Buckle, J V and Richer, J S and Davis, C J},
title = {{The structure of molecular gas associated with NGC 2264: wide-field 12CO and H2 imaging}},
journal = {Monthly Notices of the Royal Astronomical Society},
year = {2012},
volume = {423},
number = {2},
pages = {1127--1143},
month = jun,
annote = {{\textcopyright} 2012 The Authors Monthly Notices of the Royal Astronomical Society {\textcopyright} 2012 RAS}
}

@article{Harwit:2006hl,
author = {Harwit, Martin and Leisawitz, David and Rinehart, Stephen},
title = {{A far-infrared/submillimeter kilometer-baseline interferometer in space}},
journal = {New Astronomy Reviews},
year = {2006},
volume = {50},
number = {1-3},
pages = {228--234},
month = mar
}

@article{2005ApJ...628L..61M,
author = {Mart{\'\i}n-Pintado, J and Jim{\'e}nez-Serra, I and Rodr{\'\i}guez-Franco, A and Mart{\'\i}n, S and Thum, C},
title = {{A New Intermediate-Mass Protostar in the Cepheus A HW2 Region}},
journal = {The Astrophysical Journal},
year = {2005},
volume = {628},
number = {1},
pages = {L61--L64},
month = jul
}

@article{2007A&A...469..207C,
author = {Comito, C and Schilke, P and Endesfelder, U and Jim{\'e}nez-Serra, I and Mart{\'\i}n-Pintado, J},
title = {{High-resolution study of a star-forming cluster in the Cepheus A HW2 region}},
journal = {arXiv},
year = {2007},
volume = {469},
number = {1},
pages = {207--211},
month = jul
}

@article{YusefZadeh:1984ff,
author = {Yusef-Zadeh, F and Morris, M and White, R L},
title = {{Bipolar reflection nebulae - Monte Carlo simulations}},
journal = {Astrophysical Journal},
year = {1984},
volume = {278},
pages = {186--194},
month = mar
}

@article{Shao:1987dna,
author = {Shao, M and Colavita, M and Staelin, D H and Johnston, K J and Simon, R S and Hughes, J A and Hershey, J L},
title = {{Application of interferometry to optical astrometry}},
journal = {Astronomical Journal (ISSN 0004-6256)},
year = {1987},
volume = {93},
pages = {1280},
month = may
}

@article{Fuente:2001eg,
author = {Fuente, A and Neri, R and Mart{\'\i}n-Pintado, J and Bachiller, R and Rodr{\'\i}guez-Franco, A and Palla, F},
title = {{Disks and outflows around intermediate-mass stars and protostars}},
journal = {Astronomy and Astrophysics},
year = {2001},
volume = {366},
number = {3},
pages = {873--890},
month = feb
}

@article{Myers:2012ea,
author = {Myers, Philip C},
title = {{Mass and Luminosity Evolution of Young Stellar Objects}},
journal = {The Astrophysical Journal},
year = {2012},
volume = {752},
number = {1},
pages = {9},
month = jun
}

@article{Dickman:1990cd,
author = {Dickman, Robert L and Horvath, Mark A and Margulis, Michael},
title = {{A search for scale-dependent morphology in five molecular cloud complexes}},
journal = {Astrophysical Journal},
year = {1990},
volume = {365},
pages = {586--601},
month = dec
}

@article{Myers:2009if,
author = {Myers, Philip C},
title = {{Filamentary Structure of Star-forming Complexes}},
journal = {The Astrophysical Journal},
year = {2009},
volume = {700},
number = {2},
pages = {1609--1625},
month = aug
}

@article{Enoch:2008hd,
author = {Enoch, Melissa L and Evans, Neal J and Sargent, Anneila I and Glenn, Jason and Rosolowsky, Erik and Myers, Philip},
title = {{The Mass Distribution and Lifetime of Prestellar Cores in Perseus, Serpens, and Ophiuchus}},
journal = {The Astrophysical Journal},
year = {2008},
volume = {684},
number = {2},
pages = {1240--1259},
month = sep
}

@article{Kennicutt:1998kia,
author = {Kennicutt, Robert C},
title = {{Star Formation in Galaxies Along the Hubble Sequence}},
journal = {Annual Review of Astronomy and Astrophysics},
year = {1998},
volume = {36},
number = {1},
pages = {189--231},
month = jan
}

@article{Fuente:2005kk,
author = {Fuente, A and Rizzo, J R and Caselli, P and Bachiller, R and Henkel, C},
title = {{Chemical evolution in the environment of intermediate mass young stellar objects}},
journal = {Astronomy and Astrophysics},
year = {2005},
volume = {433},
number = {2},
pages = {535--552},
month = apr
}

@article{Andre:2014ce,
author = {Andr{\'e}, Philippe and Baccigalupi, Carlo and Banday, Anthony and Barbosa, Domingos and Barreiro, Belen and Bartlett, James and Bartolo, Nicola and Battistelli, Elia and Battye, Richard and Bendo, George and Beno{\^\i}t, Alain and Bernard, Jean-Philippe and Bersanelli, Marco and B{\'e}thermin, Matthieu and Bielewicz, Pawel and Bonaldi, Anna and Bouchet, Fran{\c c}ois and Boulanger, Fran{\c c}ois and Brand, Jan and Bucher, Martin and Burigana, Carlo and Cai, Zhen-Yi and Camus, Philippe and Casas, Francisco and Casasola, Viviana and Castex, Guillaume and Challinor, Anthony and Chluba, Jens and Chon, Gayoung and Colafrancesco, Sergio and Comis, Barbara and Cuttaia, Francesco and D'Alessandro, Giuseppe and Da Silva, Antonio and Davis, Richard and de Avillez, Miguel and de Bernardis, Paolo and de Petris, Marco and de Rosa, Adriano and de Zotti, Gianfranco and Delabrouille, Jacques and D{\'e}sert, Fran{\c c}ois-Xavier and Dickinson, Clive and Diego, Jose Maria and Dunkley, Joanna and En{\ss}lin, Torsten and Errard, Josquin and Falgarone, Edith and Ferreira, Pedro and Ferri{\`e}re, Katia and Finelli, Fabio and Fletcher, Andrew and Fosalba, Pablo and Fuller, Gary and Galli, Silvia and Ganga, Ken and Garc{\'\i}a-Bellido, Juan and Ghribi, Adnan and Giard, Martin and Giraud-H{\'e}raud, Yannick and Gonzalez-Nuevo, Joaquin and Grainge, Keith and Gruppuso, Alessandro and Hall, Alex and Hamilton, Jean-Christophe and Haverkorn, Marijke and Hernandez-Monteagudo, Carlos and Herranz, Diego and Jackson, Mark and Jaffe, Andrew and Khatri, Rishi and Kunz, Martin and Lamagna, Luca and Lattanzi, Massimiliano and Leahy, Paddy and Lesgourgues, Julien and Liguori, Michele and Liuzzo, Elisabetta and Lopez-Caniego, Marcos and Macias-Perez, Juan and Maffei, Bruno and Maino, Davide and Mangilli, Anna and Martinez-Gonzalez, Enrique and Martins, Carlos J A P and Masi, Silvia and Massardi, Marcella and Matarrese, Sabino and Melchiorri, Alessandro and Melin, Jean-Baptiste and Mennella, Aniello and Mignano, Arturo and Miville-Desch{\^e}nes, Marc-Antoine and Monfardini, Alessandro and Murphy, Anthony and Naselsky, Pavel and Nati, Federico and Natoli, Paolo and Negrello, Mattia and Noviello, Fabio and O'Sullivan, Cr{\'e}idhe and Paci, Francesco and Pagano, Luca and Paladino, Rosita and Palanque-Delabrouille, Nathalie and Paoletti, Daniela and Peiris, Hiranya and Perrotta, Francesca and Piacentini, Francesco and Piat, Michel and Piccirillo, Lucio and Pisano, Giampaolo and Polenta, Gianluca and Pollo, Agnieszka and Ponthieu, Nicolas and Remazeilles, Mathieu and Ricciardi, Sara and Roman, Matthieu and Rosset, Cyrille and Rubino-Martin, Jose-Alberto and Salatino, Maria and Schillaci, Alessandro and Shellard, Paul and Silk, Joseph and Starobinsky, Alexei and Stompor, Radek and Sunyaev, Rashid and Tartari, Andrea and Terenzi, Luca and Toffolatti, Luigi and Tomasi, Maurizio and Trappe, Neil and Tristram, Matthieu and Trombetti, Tiziana and Tucci, Marco and Van de Weijgaert, Rien and Van Tent, Bartjan and Verde, Licia and Vielva, Patricio and Wandelt, Ben and Watson, Robert and Withington, Stafford},
title = {{PRISM (Polarized Radiation Imaging and Spectroscopy Mission): an extended white paper}},
journal = {Journal of Cosmology and Astroparticle Physics},
year = {2014},
volume = {02},
number = {0},
pages = {006--006},
month = feb
}

@book{Peltier:1834vu,
author = {Peltier, JCA},
title = {{Investigation of the heat developed by electric currents in homogeneous materials and at the junction of two different conductors}},
publisher = {Ann. Chim. Phys},
year = {1834}
}

@article{Schwider:1983fqa,
author = {Schwider, Johannes and Burow, R and Elssner, K-E and Grzanna, J and Spolaczyk, R and Merkel, K},
title = {{Digirtal wave-front measuring interferometry: Some systematic error sources}},
journal = {Applied Optics},
year = {1983},
volume = {22},
number = {21},
pages = {3421},
month = nov
}

@article{Pillitteri:2010vj,
author = {Pillitteri, I and Sciortino, S and Flaccomio, E and Stelzer, B and Micela, G and Damiani, F and Testi, L and Montmerle, T and Grosso, N and Favata, F and Giardino, G},
title = {{VizieR Online Data Catalog: YSOs in DROXO (Deep rho Oph XMM obs.) (Pillitteri+, 2010)}},
journal = {VizieR On-line Data Catalog},
year = {2010},
volume = {351},
pages = {90034},
month = nov,
annote = {tablea1.dat 111x109 List of sources detected in the DROXO EPIC images; tablea2.dat 91x180 X-ray Parameters from model fit to source spectra; tablea3.dat 35x56 ISOCAM YSOs (Bontemps et al. 2001, J/A+A/372/173); undetected in the DROXO field of view ; tablea4.dat 105x125 Spitzer IRAC fluxes of IR counterparts to DROXO; X-ray sources from the catalog by Evans et al., ; 2003PASP..115..965E}
}

@article{Serabyn:1991fc,
author = {Serabyn, E and Phillips, T G and Masson, C R},
title = {{Surface figure measurements of radio telescopes with a shearing interferometer}},
journal = {Applied Optics (ISSN 0003-6935)},
year = {1991},
volume = {30},
number = {10},
pages = {1227},
month = apr
}

@article{Kewley:2004dra,
author = {Kewley, Lisa J and Geller, Margaret J and Jansen, Rolf A},
title = {{[O II] as a Star Formation Rate Indicator}},
journal = {The Astronomical Journal},
year = {2004},
volume = {127},
number = {4},
pages = {2002--2030},
month = apr
}

@article{Shu:1977ef,
author = {Shu, F H},
title = {{Self-similar collapse of isothermal spheres and star formation}},
journal = {Astrophysical Journal},
year = {1977},
volume = {214},
pages = {488--497},
month = jun
}

@article{Andre:2000ua,
author = {Andr{\'e}, P and Ward-Thompson, D and Barsony, M},
title = {{From Prestellar Cores to Protostars: the Initial Conditions of Star Formation}},
journal = {Protostars and Planets IV (Book - Tucson: University of Arizona Press; eds Mannings},
year = {2000},
pages = {59},
month = may
}

@article{Thompson:2006eja,
author = {Thompson, Anita K and Martino, Anthony J and Rinehart, Stephen A and Leisawitz, David T and Leviton, Douglas B and Frey, Bradley J},
title = {{Optical modeling of the wide-field imaging interferometry testbed}},
journal = {Advances in Stellar Interferometry. Edited by Monnier},
year = {2006},
volume = {6268},
pages = {87--62682R--10},
month = jul
}

@article{1977ApJ...215..151H,
author = {Harvey, P M and Campbell, M F and Hoffmann, W F},
title = {{Far-infrared emission from compact sources in NGC 2264 and the Rosette Nebula}},
journal = {The Astrophysical Journal},
year = {1977},
volume = {215},
pages = {151--154},
month = jul
}

@book{Peltier:1834tw,
author = {Peltier, JCA},
title = {{Nouvelles exp{\'e}riences sur la caloricit{\'e} des courants {\'e}lectriques}},
publisher = {Annales de Chimie et de Physique},
year = {1834}
}

@article{Harries:1980cva,
author = {Harries, J E},
title = {{Atmospheric radiometry at submillimeter wavelengths}},
journal = {Applied Optics},
year = {1980},
volume = {19},
number = {18},
pages = {3075},
month = sep
}

@article{Blind:2011ji,
author = {Blind, N and Absil, O and Le Bouquin, J-B and Berger, J-P and Chelli, A},
title = {{Optimized fringe sensors for the VLTI next generation instruments}},
journal = {Astronomy and Astrophysics},
year = {2011},
volume = {530},
pages = {121},
month = jun
}

@article{Bate:2004uh,
author = {Bate, M R and Bonnell, I A},
title = {{Theory of Young Clusters}},
journal = {Star Formation at High Angular Resolution},
year = {2004},
volume = {221},
pages = {257},
month = sep
}

@article{Lawrence:2004gb,
author = {Lawrence, Jon S},
title = {{Adaptive-optics performance of Antarctic telescopes}},
journal = {Applied Optics},
year = {2004},
volume = {43},
number = {6},
pages = {1435},
month = feb
}

@article{Hopkins:2007tja,
author = {Hopkins, A M},
title = {{The Star Formation History of the Universe}},
journal = {At the Edge of the Universe: Latest Results from the Deepest Astronomical Surveys ASP Conference Series},
year = {2007},
volume = {380},
pages = {423},
month = dec
}

@article{Collaboration:2016kp,
author = {Collaboration, Planck and Ade, P A R and Aghanim, N and Alves, M I R and Aniano, G and Arnaud, M and Ashdown, M and Aumont, J and Baccigalupi, C and Banday, A J and Barreiro, R B and Bartolo, N and Battaner, E and Benabed, K and Benoit-L{\'e}vy, A and Bernard, J P and Bersanelli, M and Bielewicz, P and Bonaldi, A and Bonavera, L and Bond, J R and Borrill, J and Bouchet, F R and Boulanger, F and Burigana, C and Butler, R C and Calabrese, E and Cardoso, J F and Catalano, A and Chamballu, A and Chiang, H C and Christensen, P R and Clements, D L and Colombi, S and {Colombo, L. P. L.} and Couchot, F and Crill, B P and Curto, A and Cuttaia, F and Danese, L and Davies, R D and Davis, R J and de Bernardis, P and de Rosa, A and de Zotti, G and Delabrouille, J and Dickinson, C and Diego, J M and Dole, H and Donzelli, S and Dor{\'e}, O and Douspis, M and Draine, B T and Ducout, A and Dupac, X and Efstathiou, G and Elsner, F and En{\ss}lin, T A and Eriksen, H K and Falgarone, E and Finelli, F and Forni, O and Frailis, M and Fraisse, A A and Franceschi, E and Frejsel, A and Galeotta, S and Galli, S and Ganga, K and Ghosh, T and Giard, M and Gjerl{\o}w, E and Gonz{\'a}lez-Nuevo, J and G{\'o}rski, K M and Gregorio, A and Gruppuso, A and Guillet, V and Hansen, F K and Hanson, D and Harrison, D L and Henrot-Versill{\'e}, S and Hern{\'a}ndez-Monteagudo, C and Herranz, D and Hildebrandt, S R and Hivon, E and Holmes, W A and Hovest, W and Huffenberger, K M and Hurier, G and Jaffe, A H and Jaffe, T R and Jones, W C and Keih{\"a}nen, E and Keskitalo, R and Kisner, T S and Kneissl, R and Knoche, J and Kunz, M and Kurki-Suonio, H and Lagache, G and Lamarre, J M and Lasenby, A and Lattanzi, M and Lawrence, C R and Leonardi, R and Levrier, F and Liguori, M and Lilje, P B and Linden-V{\o}rnle, M and L{\'o}pez-Caniego, M and Lubin, P M and Mac{\'\i}as-P{\'e}rez, J F and Maffei, B and Maino, D and Mandolesi, N and Maris, M and Marshall, D J and Martin, P G and Mart{\'\i}nez-Gonz{\'a}lez, E and Masi, S and Matarrese, S and Mazzotta, P and Melchiorri, A and Mendes, L and Mennella, A and Migliaccio, M and Miville-Desch{\^e}nes, M A and Moneti, A and Montier, L and Morgante, G and Mortlock, D and Munshi, D and Murphy, J A and Naselsky, P and Natoli, P and N{\o}rgaard-Nielsen, H U and Novikov, D and Novikov, I and Oxborrow, C A and Pagano, L and Pajot, F and Paladini, R and Paoletti, D and Pasian, F and Perdereau, O and Perotto, L and Perrotta, F and Pettorino, V and Piacentini, F and Piat, M and Plaszczynski, S and Pointecouteau, E and Polenta, G and Ponthieu, N and Popa, L and Pratt, G W and Prunet, S and Puget, J L and Rachen, J P and Reach, W T and Rebolo, R and Reinecke, M and Remazeilles, M and Renault, C and Ristorcelli, I and Rocha, G and Roudier, G and Rubi{\~n}o-Mart{\'\i}n, J A and Rusholme, B and Sandri, M and Santos, D and Scott, D and Spencer, L D and Stolyarov, V and Sudiwala, R and Sunyaev, R and Sutton, D and Suur-Uski, A S and Sygnet, J F and Tauber, J A and Terenzi, L and Toffolatti, L and Tomasi, M and Tristram, M and Tucci, M and Umana, G and Valenziano, L and Valiviita, J and Van Tent, B and Vielva, P and Villa, F and Wade, L A and Wandelt, B D and Wehus, I K and Ysard, N and Yvon, D and Zacchei, A and Zonca, A},
title = {{Planck intermediate results. XXIX. All-sky dust modelling with Planck, IRAS, and WISE observations}},
journal = {Astronomy and Astrophysics},
year = {2016},
volume = {586},
pages = {A132},
month = feb
}

@article{1999ApJ...525..440L,
author = {Luhman, K L and Rieke, G H},
title = {{Low-Mass Star Formation and the Initial Mass Function in the $\rho$ Ophiuchi Cloud Core}},
journal = {The Astrophysical Journal},
year = {1999},
volume = {525},
number = {1},
pages = {440--465},
month = nov
}

@article{1997A&A...321..523C,
author = {Cabrit, S and Lagage, P O and McCaughrean, M and Olofsson, G},
title = {{Origin of the mid-infrared emission and supersonic jet toward LkH$\alpha$ 234.}},
journal = {Astronomy and Astrophysics},
year = {1997},
volume = {321},
pages = {523--530},
month = may
}

@article{Larson:1994cj,
author = {Larson, R B},
title = {{The Evolution of Molecular Clouds}},
journal = {The Structure and Content of Molecular Clouds},
year = {1994},
volume = {439},
number = {Chapter 2},
pages = {13--28},
month = n/a
}

@article{Andre:2013tk,
author = {Andr{\'e}, Philippe and Di Francesco, James and Ward-Thompson, Derek and Inutsuka, Shu-ichiro and Pudritz, Ralph E and Pineda, Jaime},
title = {{From Filamentary Networks to Dense Cores in Molecular Clouds: Toward a New Paradigm for Star Formation}},
journal = {arXiv.org},
year = {2013},
eprint = {1312.6232},
eprinttype = {arxiv},
eprintclass = {1312},
pages = {6232},
month = dec,
annote = {24 pages, 15 figures. Accepted for publication as a review chapter in Protostars and Planets VI, University of Arizona Press (2014), eds. H. Beuther, R. Klessen, C. Dullemond, Th. Henning}
}

@article{Flaherty:2008ec,
author = {Flaherty, K M and Muzerolle, J},
title = {{Evidence for Early Circumstellar Disk Evolution in NGC 2068/71}},
journal = {The Astronomical Journal},
year = {2008},
volume = {135},
number = {3},
pages = {966--983},
month = mar
}

@article{Kalman:1960ii,
author = {Kalman, R E},
title = {{A New Approach to Linear Filtering and Prediction Problems}},
journal = {Journal of Basic Engineering},
year = {1960},
volume = {82},
number = {1},
pages = {35--45},
month = mar
}

@article{Fixsen:1996kha,
author = {Fixsen, D J and Cheng, E S and Cottingham, D A and Folz, W C and Inman, C A and Kowitt, M S and Meyer, S S and Page, L A and Puchalla, J L and Ruhl, J E and Silverberg, R F},
title = {{A Balloon-borne Millimeter-Wave Telescope for Cosmic Microwave Background Anisotropy Measurements}},
journal = {Astrophysical Journal v.470},
year = {1996},
volume = {470},
pages = {63},
month = oct
}

@article{Shi:2006jca,
author = {Shi, Fang and Basinger, Scott A and Redding, David C},
title = {{Performance of dispersed fringe sensor in the presence of segmented mirror aberrations: modeling and simulation}},
journal = {Space Telescopes and Instrumentation I: Optical},
year = {2006},
volume = {6265},
pages = {28--62650Y--12},
month = jul
}

@article{2011ApJ...733...71D,
author = {Dzib, S and Loinard, L and Rodr{\'\i}guez, L F and Mioduszewski, A J and Torres, R M},
title = {{VLBA Determination of the Distance to Nearby Star-forming Regions. VI. The Distance to the Young Stellar Object HW 9 in Cepheus A}},
journal = {arXiv},
year = {2011},
volume = {733},
number = {1},
pages = {71},
month = may
}

@article{Kraemer:2001kn,
author = {Kraemer, Kathleen E and Jackson, James M and Deutsch, Lynne K and Kassis, Marc and Hora, Joseph L and Fazio, G G and Hoffmann, William F and Dayal, Aditya},
title = {{Dust Characteristics of Massive Star-forming Sites in the Mid-Infrared}},
journal = {The Astrophysical Journal},
year = {2001},
volume = {561},
number = {1},
pages = {282--298},
month = nov
}

@article{Draine:2001gl,
author = {Draine, B T and Li, Aigen},
title = {{Infrared Emission from Interstellar Dust. I. Stochastic Heating of Small Grains}},
journal = {The Astrophysical Journal},
year = {2001},
volume = {551},
number = {2},
pages = {807--824},
month = apr
}

@article{Gurvich:1995go,
author = {Gurvich, A S and Belen'kii, M S},
title = {{Influence of stratospheric turbulence on infrared imaging.}},
journal = {Journal of the Optical Society of America A},
year = {1995},
volume = {12},
number = {11},
pages = {2517},
month = nov
}

@article{Shuster:1993ur,
author = {Shuster, Malcolm D},
title = {{Survey of attitude representations}},
journal = {Journal of the Astronautical Sciences (ISSN 0021-9142)},
year = {1993},
volume = {41},
pages = {439--517},
month = oct
}

@article{Shuster:1993uk,
author = {Shuster, M D},
title = {{A survey of attitude representations}},
journal = {Navigation},
year = {1993}
}

@article{2008ApJ...688.1118W,
author = {Wood, Kenneth and Whitney, Barbara A and Robitaille, Thomas and Draine, Bruce T},
title = {{Emission from Very Small Grains and PAH Molecules in Monte Carlo Radiation Transfer Codes: Application to the Edge-On Disk of Gomez's Hamburger}},
journal = {The Astrophysical Journal},
year = {2008},
volume = {688},
number = {2},
pages = {1118--1123},
month = dec
}

@article{Fixsen:2002da,
author = {Fixsen, D J and Dwek, Eli},
title = {{The Zodiacal Emission Spectrum as Determined by COBE and Its Implications}},
journal = {The Astrophysical Journal},
year = {2002},
volume = {578},
number = {2},
pages = {1009--1014},
month = oct
}

@article{Ossenkopf:1994tq,
author = {Ossenkopf, V and Henning, Th},
title = {{Dust opacities for protostellar cores}},
journal = {Astronomy and Astrophysics (ISSN 0004-6361)},
year = {1994},
volume = {291},
pages = {943--959},
month = nov
}

@article{Fixsen:1998br,
author = {Fixsen, D J and Dwek, E and Mather, J C and Bennett, C L and Shafer, R A},
title = {{The Spectrum of the Extragalactic Far-Infrared Background from the COBE FIRAS Observations}},
journal = {The Astrophysical Journal},
year = {1998},
volume = {508},
number = {1},
pages = {123--128},
month = nov
}

@article{CarrascoGonzalez:2012fb,
author = {Carrasco-Gonz{\'a}lez, Carlos and Osorio, Mayra and Anglada, Guillem and D'Alessio, Paola and Rodr{\'\i}guez, Luis F and G{\'o}mez, Jos{\'e} F and Torrelles, Jos{\'e} M},
title = {{Multiplicity, Disks, and Jets in the NGC 2071 Star-forming Region}},
journal = {The Astrophysical Journal},
year = {2012},
volume = {746},
number = {1},
pages = {71},
month = feb
}

@article{Geers:2007fd,
author = {Geers, V C and Pontoppidan, K M and van Dishoeck, E F and Dullemond, C P and Augereau, J C and Mer{\'\i}n, B and Oliveira, I and Pel, J W},
title = {{Spatial separation of small and large grains in the transitional disk around the young star IRS 48}},
journal = {Astronomy and Astrophysics},
year = {2007},
volume = {469},
number = {3},
pages = {L35--L38},
month = jul
}

@article{2014ApJ...797L..21D,
author = {de Mooij, E J W and L{\'o}pez-Morales, M and Karjalainen, R and Hrudkova, M and Jayawardhana, Ray},
title = {{Ground-based Transit Observations of the Super-Earth 55 Cnc e}},
journal = {The Astrophysical Journal Letters},
year = {2014},
volume = {797},
number = {2},
pages = {L21},
month = dec
}

@article{Chini:2001fa,
author = {Chini, R and Ward-Thompson, D and Kirk, J M and Nielbock, M and Reipurth, B and Sievers, A},
title = {{Mm/Submm images of Herbig-Haro energy sources and candidate protostars}},
journal = {Astronomy and Astrophysics},
year = {2001},
volume = {369},
number = {1},
pages = {155--169},
month = apr
}

@article{Collaboration:2014dz,
author = {Collaboration, Planck and Abergel, A and Ade, P A R and Aghanim, N and Alves, M I R and Aniano, G and Armitage-Caplan, C and Arnaud, M and Ashdown, M and Atrio-Barandela, F and Aumont, J and Baccigalupi, C and Banday, A J and Barreiro, R B and Bartlett, J G and Battaner, E and Benabed, K and Beno{\^\i}t, A and Benoit-L{\'e}vy, A and Bernard, J P and Bersanelli, M and Bielewicz, P and Bobin, J and Bock, J J and Bonaldi, A and Bond, J R and Borrill, J and Bouchet, F R and Boulanger, F and Bridges, M and Bucher, M and Burigana, C and Butler, R C and Cardoso, J F and Catalano, A and Chamballu, A and Chary, R-R and Chiang, H C and Chiang, L Y and Christensen, P R and Church, S and Clemens, M and Clements, D L and Colombi, S and {Colombo, L. P. L.} and Combet, C and Couchot, F and Coulais, A and Crill, B P and Curto, A and Cuttaia, F and Danese, L and Davies, R D and Davis, R J and de Bernardis, P and de Rosa, A and de Zotti, G and Delabrouille, J and Delouis, J M and D{\'e}sert, F X and Dickinson, C and Diego, J M and Dole, H and Donzelli, S and Dor{\'e}, O and Douspis, M and Draine, B T and Dupac, X and Efstathiou, G and En{\ss}lin, T A and Eriksen, H K and Falgarone, E and Finelli, F and Forni, O and Frailis, M and Fraisse, A A and Franceschi, E and Galeotta, S and Ganga, K and Ghosh, T and Giard, M and Giardino, G and Giraud-H{\'e}raud, Y and Gonz{\'a}lez-Nuevo, J and G{\'o}rski, K M and Gratton, S and Gregorio, A and Grenier, I A and Gruppuso, A and Guillet, V and Hansen, F K and Hanson, D and Harrison, D L and Helou, G and Henrot-Versill{\'e}, S and Hern{\'a}ndez-Monteagudo, C and Herranz, D and Hildebrandt, S R and Hivon, E and Hobson, M and Holmes, W A and Hornstrup, A and Hovest, W and Huffenberger, K M and Jaffe, A H and Jaffe, T R and Jewell, J and Joncas, G and Jones, W C and Juvela, M and Keih{\"a}nen, E and Keskitalo, R and Kisner, T S and Knoche, J and Knox, L and Kunz, M and Kurki-Suonio, H and Lagache, G and L{\"a}hteenm{\"a}ki, A and Lamarre, J M and Lasenby, A and Laureijs, R J and Lawrence, C R and Leonardi, R and Le{\'o}n-Tavares, J and Lesgourgues, J and Levrier, F and Liguori, M and Lilje, P B and Linden-V{\o}rnle, M and L{\'o}pez-Caniego, M and Lubin, P M and Mac{\'\i}as-P{\'e}rez, J F and Maffei, B and Maino, D and Mandolesi, N and Maris, M and Marshall, D J and Martin, P G and Mart{\'\i}nez-Gonz{\'a}lez, E and Masi, S and Massardi, M and Matarrese, S and Matthai, F and Mazzotta, P and McGehee, P and Melchiorri, A and Mendes, L and Mennella, A and Migliaccio, M and Mitra, S and Miville-Desch{\^e}nes, M A and Moneti, A and Montier, L and Morgante, G and Mortlock, D and Munshi, D and Murphy, J A and Naselsky, P and Nati, F and Natoli, P and Netterfield, C B and N{\o}rgaard-Nielsen, H U and Noviello, F and Novikov, D and Novikov, I and Osborne, S and Oxborrow, C A and Paci, F and Pagano, L and Pajot, F and Paladini, R and Paoletti, D and Pasian, F and Patanchon, G and Perdereau, O and Perotto, L and Perrotta, F and Piacentini, F and Piat, M and Pierpaoli, E and Pietrobon, D and Plaszczynski, S and Pointecouteau, E and Polenta, G and Ponthieu, N and Popa, L and Poutanen, T and Pratt, G W and Pr{\'e}zeau, G and Prunet, S and Puget, J L and Rachen, J P and Reach, W T and Rebolo, R and Reinecke, M and Remazeilles, M and Renault, C and Ricciardi, S and Riller, T and Ristorcelli, I and Rocha, G and Rosset, C and Roudier, G and Rowan-Robinson, M and Rubi{\~n}o-Mart{\'\i}n, J A and Rusholme, B and Sandri, M and Santos, D and Savini, G and Scott, D and Seiffert, M D and Shellard, E P S and Spencer, L D and Starck, J L and Stolyarov, V and Stompor, R and Sudiwala, R and Sunyaev, R and Sureau, F and Sutton, D and Suur-Uski, A S and Sygnet, J F and Tauber, J A and Tavagnacco, D and Terenzi, L and Toffolatti, L and Tomasi, M and Tristram, M and Tucci, M and Tuovinen, J and T{\"u}rler, M and Umana, G and Valenziano, L and Valiviita, J and Van Tent, B and Verstraete, L and Vielva, P and Villa, F and Vittorio, N and Wade, L A and Wandelt, B D and Welikala, N and Ysard, N and Yvon, D and Zacchei, A and Zonca, A},
title = {{Planck 2013 results. XI. All-sky model of thermal dust emission}},
journal = {Astronomy and Astrophysics},
year = {2014},
volume = {571},
pages = {A11},
month = nov
}

@article{2008ApJ...687..340M,
author = {Myers, Philip C},
title = {{Protostar Mass due to Infall and Dispersal}},
journal = {The Astrophysical Journal},
year = {2008},
volume = {687},
number = {1},
pages = {340--353},
month = nov
}

@article{2010IAUS..266..509P,
author = {Pillitteri, Ignazio and Wolk, S J and Allen, L and Megeath, S T and Gutermuth, R A and {Gutermuth}},
title = {{The population of young stars in Orion A: X-rays and IR properties}},
journal = {Star clusters: basic galactic building blocks throughout time and space},
year = {2010},
volume = {266},
number = {S266},
pages = {509--509},
month = jan
}

@article{Myers:2011fy,
author = {Myers, Philip C},
title = {{Star Formation in Dense Clusters}},
journal = {The Astrophysical Journal},
year = {2011},
volume = {743},
number = {1},
pages = {98},
month = dec
}

@article{Enoch:2009ch,
author = {Enoch, Melissa L and Evans, Neal J and Sargent, Anneila I and Glenn, Jason},
title = {{Properties of the Youngest Protostars in Perseus, Serpens, and Ophiuchus}},
journal = {The Astrophysical Journal},
year = {2009},
volume = {692},
number = {2},
pages = {973--997},
month = feb
}

@article{Choi:2000ev,
author = {Choi, Minho and Evans, Neal J and Tafalla, Mario and Bachiller, Rafael},
title = {{The Structure of the Monoceros R2 Molecular Cloud Core}},
journal = {The Astrophysical Journal},
year = {2000},
volume = {538},
number = {2},
pages = {738--750},
month = aug
}

@article{Patorski:2005ffa,
author = {Patorski, Krzysztof and Sienicki, Zbigniew and Styk, Adam R},
title = {{Phase-shifting method contrast calculations in time-averaged interferometry: error analysis}},
journal = {Optical Engineering},
year = {2005},
volume = {44},
number = {6},
pages = {5601},
month = jun
}

@article{Richards:2003bp,
author = {Richards, M A},
title = {{Coherent integration loss due to white gaussian phase noise}},
journal = {IEEE Signal Processing Letters},
year = {2003},
volume = {10},
number = {7},
pages = {208--210},
month = jul
}

@article{Wyant:1975gna,
author = {Wyant, J C},
title = {{Use of an ac heterodyne lateral shear interferometer with real-time wavefront correction systems}},
journal = {Applied Optics},
year = {1975},
volume = {14},
number = {11},
pages = {2622},
month = nov
}

@article{Cambresy:1999vv,
author = {Cambr{\'e}sy, L},
title = {{Mapping of the extinction in giant molecular clouds using optical star counts}},
journal = {Astronomy and Astrophysics},
year = {1999},
volume = {345},
pages = {965--976},
month = may
}

@article{Chen:2014dm,
author = {Chen, Che-Yu and Ostriker, Eve C},
title = {{Formation of Magnetized Prestellar Cores with Ambipolar Diffusion and Turbulence}},
journal = {The Astrophysical Journal},
year = {2014},
volume = {785},
number = {1},
pages = {69},
month = apr
}

@article{Meynart:1992fv,
author = {Meynart, Roland},
title = {{Sampling jitter in Fourier-transform spectrometers - Spectral broadening and noise effects}},
journal = {Applied Optics (ISSN 0003-6935)},
year = {1992},
volume = {31},
number = {30},
pages = {6383},
month = oct
}

@article{Andre:2010ka,
author = {Andr{\'e}, Ph and Men'shchikov, A and Bontemps, S and K{\"o}nyves, V and Motte, F and Schneider, N and Didelon, P and Minier, V and Saraceno, P and Ward-Thompson, D and Di Francesco, J and White, G and Molinari, S and Testi, L and Abergel, A and Griffin, M and Henning, Th and Royer, P and Mer{\'\i}n, B and Vavrek, R and Attard, M and Arzoumanian, D and Wilson, C D and Ade, P and Aussel, H and Baluteau, J P and Benedettini, M and Bernard, J Ph and Blommaert, J A D L and Cambr{\'e}sy, L and Cox, P and di Giorgio, A and Hargrave, P and Hennemann, M and Huang, M and Kirk, J and Krause, O and Launhardt, R and Leeks, S and Le Pennec, J and Li, J Z and Martin, P G and Maury, A and Olofsson, G and Omont, A and Peretto, N and Pezzuto, S and Prusti, T and Roussel, H and Russeil, D and Sauvage, M and Sibthorpe, B and Sicilia-Aguilar, A and Spinoglio, L and Waelkens, C and Woodcraft, A and Zavagno, A},
title = {{From filamentary clouds to prestellar cores to the stellar IMF: Initial highlights from the Herschel Gould Belt Survey}},
journal = {Astronomy and Astrophysics},
year = {2010},
volume = {518},
pages = {L102},
month = jul
}

@article{Scaife:2011ug,
author = {Scaife, Anna M M and Buckle, Jane V and Ainsworth, Rachael E and Davies, Matthew and Franzen, Thomas M O and Grainge, Keith J B and Hobson, Michael P and Hurley-Walker, Natasha and Lasenby, Anthony N and Olamaie, Malak and Perrott, Yvette C and Pooley, Guy G and Ray, Tom P and Richer, John S and Rodriguez-Gonzalvez, Carmen and Saunders, Richard D E and Schammel, Michel P and Scott, Paul F and Shimwell, Timothy and Titterington, David and Waldram, Elizabeth},
title = {{Radio continuum observations of Class I protostellar disks in Taurus: constraining the greybody tail at centimetre wavelengths}},
journal = {eprint arXiv},
year = {2011},
volume = {1111},
pages = {5184},
month = nov,
annote = {submitted MNRAS}
}

@article{Fried:1966tk,
author = {Fried, D L},
title = {{Optical Resolution Through a Randomly Inhomogeneous Medium for Very Long and Very Short Exposures}},
journal = {Journal of the Optical Society of America},
year = {1966},
volume = {56},
pages = {1372},
month = oct
}

@article{Treffers:1977kq,
author = {Treffers, Richard R},
title = {{Signal-to-noise ratio in Fourier spectroscopy}},
journal = {Applied Optics},
year = {1977},
volume = {16},
number = {12},
pages = {3103},
month = dec
}

@article{vanDokkum:2010ha,
author = {van Dokkum, Pieter G and Conroy, Charlie},
title = {{A substantial population of low-mass stars in luminous elliptical galaxies}},
journal = {Nature},
year = {2010},
volume = {468},
number = {7326},
pages = {940--942},
month = dec,
annote = {(c) 2010: Nature

(c) 2010: Nature}
}

@article{DiLieto:2008fea,
author = {Di Lieto, Nicola and Haguenauer, Pierre and Sahlmann, Johannes and Vasisht, Gautam},
title = {{Adaptive vibration cancellation on large telescopes for stellar interferometry}},
journal = {Optical and Infrared Interferometry. Edited by Sch{\"o}ller},
year = {2008},
volume = {7013},
pages = {15--70130H--10},
month = jul
}

@article{Lawson:1995ewa,
author = {Lawson, P R},
title = {{Group-delay tracking in optical stellar interferometry with the fast Fourier transform.}},
journal = {J. Opt. Soc. Am. A},
year = {1995},
volume = {12},
number = {2},
pages = {366},
month = feb
}

@article{Eddy:2005ts,
author = {Eddy, Sean R},
title = {{{\textquotedblleft}Antedisciplinary{\textquotedblright} Science}},
journal = {PLoS Computational Biology},
year = {2005},
volume = {1},
number = {1},
pages = {e6}
}

@article{Milman:2002dua,
author = {Milman, Mark and Basinger, Scott},
title = {{Error sources and algorithms for white-light fringe estimation at low light levels}},
journal = {Applied Optics},
year = {2002},
volume = {41},
number = {14},
pages = {2655},
month = may,
annote = {NASA/STI Accession number: 20020056049
(c) 2002: Optical Society of America

NASA/STI Accession number: 20020056049
(c) 2002: Optical Society of America}
}

@article{Andre:2014et,
author = {Andr{\'e}, P and Di Francesco, J and Ward-Thompson, D and Inutsuka, S I and Pudritz, R E and Pineda, J E},
title = {{From Filamentary Networks to Dense Cores in Molecular Clouds: Toward a New Paradigm for Star Formation}},
journal = {Protostars and Planets VI},
year = {2014},
pages = {27--51},
month = n/a
}

@article{Whitney:2003kc,
author = {Whitney, Barbara A and Wood, Kenneth and Bjorkman, J E and Cohen, Martin},
title = {{Two-dimensional Radiative Transfer in Protostellar Envelopes. II. An Evolutionary Sequence}},
journal = {The Astrophysical Journal},
year = {2003},
volume = {598},
number = {2},
pages = {1079--1099},
month = dec
}

@book{Maybeck:1982vh,
author = {Maybeck, Peter S},
title = {{Stochastic Models, Estimation, and Control}},
publisher = {Academic Press},
year = {1982},
month = aug
}

@article{Beltran:2008gu,
author = {Beltr{\'a}n, M T and Estalella, R and Girart, J M and Ho, P T P and Anglada, G},
title = {{On the nature of outflows in intermediate-mass protostars: a case study of IRAS 20050+2720}},
journal = {Astronomy and Astrophysics},
year = {2008},
volume = {481},
number = {1},
pages = {93--105},
month = apr
}

@article{Schmidt:2001tz,
author = {Schmidt, J and Niemann, H},
title = {{Using Quaternions for Parametrizing 3-D Rotations in Unconstrained Nonlinear Optimization.}},
journal = {VMV},
year = {2001}
}

@article{1982A&A...106..171H,
author = {Hughes, V A and Wouterloot, J G A},
title = {{The radio H II regions associated with CEP A}},
year = {1982},
volume = {106},
pages = {171--173},
month = feb
}

@article{2014MNRAS.438.1848S,
author = {Strai{\v z}ys, V and Maskoli{\=u}nas, M and Boyle, R P and Prada Moroni, P G and Tognelli, E and Zdanavi{\v c}ius, K and Zdanavi{\v c}ius, J and Laugalys, V and Kazlauskas, A},
title = {{The distance to the young cluster NGC 7129 and its age}},
journal = {Monthly Notices of the Royal Astronomical Society},
year = {2014},
volume = {438},
number = {2},
pages = {1848--1855},
month = feb
}

@article{Cardelli:1989dp,
author = {Cardelli, Jason A and Clayton, Geoffrey C and Mathis, John S},
title = {{The relationship between infrared, optical, and ultraviolet extinction}},
journal = {Astrophysical Journal},
year = {1989},
volume = {345},
pages = {245--256},
month = oct
}

@article{Robitaille:2006cb,
author = {Robitaille, Thomas P and Whitney, Barbara A and Indebetouw, R{\'e}my and Wood, Kenneth and Denzmore, Pia},
title = {{Interpreting Spectral Energy Distributions from Young Stellar Objects. I. A Grid of 200,000 YSO Model SEDs}},
journal = {The Astrophysical Journal Supplement Series},
year = {2006},
volume = {167},
number = {2},
pages = {256--285},
month = dec
}

@article{Kiefer:2014fo,
author = {Kiefer, F and Lecavelier des Etangs, A and Boissier, J and Vidal-Madjar, A and Beust, H and Lagrange, A M and H{\'e}brard, G and Ferlet, R},
title = {{Two families of exocomets in the $\beta$ Pictoris system}},
journal = {Nature},
year = {2014},
volume = {514},
number = {7},
pages = {462--464},
month = oct
}

@article{LopezGarcia:2013kh,
author = {L{\'o}pez-Garc{\'\i}a, M A and L{\'o}pez-Santiago, J and Albacete-Colombo, J F and P{\'e}rez-Gonz{\'a}lez, P G and de Castro, E},
title = {{A comprehensive study of NGC 2023 with XMM-Newton and Spitzer}},
journal = {Monthly Notices of the Royal Astronomical Society},
year = {2013},
volume = {429},
number = {1},
pages = {775--791},
month = feb,
annote = {2012 The Authors Published by Oxford University Press on behalf of the Royal Astronomical Society}
}

@article{Stecher:1965eq,
author = {Stecher, T P and Donn, B},
title = {{On Graphite and Interstellar Extinction}},
journal = {Astrophysical Journal},
year = {1965},
volume = {142},
pages = {1681--},
month = nov
}

@article{Shao:1980gia,
author = {Shao, M and Staelin, D H},
title = {{First fringe measurements with a phase-tracking stellar interferometer}},
journal = {Applied Optics},
year = {1980},
volume = {19},
number = {9},
pages = {1519},
month = may,
annote = {A{\&}amp;AA ID. AAA027.032.050

A{\&}amp;AA ID. AAA027.032.050}
}

@article{NoriegaCrespo:2004fe,
author = {Noriega-Crespo, Alberto and Morris, Patrick and Marleau, Francine R and Carey, Sean and Boogert, Adwin and van Dishoeck, Ewine and Evans, Neal J II and Keene, Jocelyn and Muzerolle, James and Stapelfeldt, Karl and Pontoppidan, Klaus and Lowrance, Patrick and Allen, Lori and Bourke, Tyler L},
title = {{A New Look at Stellar Outflows: Spitzer Observations of the HH 46/47 System}},
journal = {The Astrophysical Journal Supplement Series},
year = {2004},
volume = {154},
number = {1},
pages = {352--358},
month = sep
}

@article{Staguhn:2014kl,
author = {Staguhn, Johannes G and Kovacs, Attila and Arendt, Richard G and Benford, Dominic J and Decarli, Roberto and Dwek, Eli and Fixsen, Dale J and Hilton, Gene C and Irwin, Kent D and Jhabvala, Christine A and Karim, Alexander and Leclercq, Samuel and Maher, Stephen F and Miller, Timothy M and Moseley, S Harvey and Sharp, Elmer H and Walter, Fabian and Wollack, Edward J},
title = {{The GISMO Two-millimeter Deep Field in GOODS-N}},
journal = {The Astrophysical Journal},
year = {2014},
volume = {790},
number = {1},
pages = {77},
month = jul
}

@article{2005RMxAA..41..435R,
author = {Rodr{\'\i}guez, L F and Torrelles, J M and Raga, A C and Cant{\'o}, J and Curiel, S and Garay, G},
title = {{Proper Motions in Cepheus A}},
journal = {Revista Mexicana de Astronom{\'\i}a y Astrof{\'\i}sica Vol. 41},
year = {2005},
volume = {41},
pages = {435--442},
month = oct
}

@article{2015AAS...22525612R,
author = {Rizzo, Maxime and Mundy, Lee G and Rinehart, Stephen and Benford, Dominic J and Koenig, Xavier and Leisawitz, David and Adams, Joseph D and Keller, Luke D},
title = {{SOFIA multi-wavelength observations of nearby star-forming clusters}},
journal = {American Astronomical Society},
year = {2015},
volume = {225},
month = jan
}

@article{Oxley:2004hl,
author = {Oxley, Paul and Ade, Peter A and Baccigalupi, C and deBernardis, Pierluigi and Cho, Hsiao-Mei and Devlin, Mark J and Hanany, Shaul and Johnson, B R and Jones, T and Lee, Adrian T and Matsumura, T and Miller, Amber D and Milligan, M and Renbarger, T and Spieler, Helmuth G and Stompor, R and Tucker, Gregory S and Zaldarriaga, Matias},
title = {{The EBEX experiment}},
journal = {Infrared Spaceborne Remote Sensing XII. Edited by Strojnik},
year = {2004},
volume = {5543},
pages = {320--331},
month = nov
}

@article{2010ApJ...716.1453F,
author = {Forbrich, Jan and Tappe, Achim and Robitaille, Thomas and Muench, August A and Teixeira, Paula S and Lada, Elizabeth A and Stolte, Andrea and Lada, Charles J},
title = {{Disentangling Protostellar Evolutionary Stages in Clustered Environments Using Spitzer-IRS Spectra and Comprehensive Spectral Energy Distribution Modeling}},
journal = {The Astrophysical Journal},
year = {2010},
volume = {716},
number = {2},
pages = {1453--1477},
month = jun
}

@article{Mendillo:2012fh,
author = {Mendillo, Christopher B and Chakrabarti, Supriya and Cook, Timothy A and Hicks, Brian A and Lane, Benjamin F},
title = {{Flight demonstration of a milliarcsecond pointing system for direct exoplanet imaging}},
journal = {Applied Optics},
year = {2012},
volume = {51},
number = {29},
pages = {7069},
month = oct
}

@article{2014ApJ...788..153P,
author = {Papadopoulos, Padelis P and Zhang, Zhi-Yu and Xilouris, E M and Weiss, Axel and van der Werf, Paul and Israel, F P and Greve, T R and Isaak, Kate G and Gao, Y},
title = {{Molecular Gas Heating Mechanisms, and Star Formation Feedback in Merger/Starbursts: NGC 6240 and Arp 193 as Case Studies}},
journal = {The Astrophysical Journal},
year = {2014},
volume = {788},
number = {2},
pages = {153},
month = jun
}

@article{2012ApJ...753...98O,
author = {Offner, Stella S R and Robitaille, Thomas P and Hansen, Charles E and McKee, Christopher F and Klein, Richard I},
title = {{Observing Simulated Protostars with Outflows: How Accurate Are Protostellar Properties Inferred from SEDs?}},
journal = {The Astrophysical Journal},
year = {2012},
volume = {753},
number = {2},
pages = {98},
month = jul
}

@article{Bastian:2010ig,
author = {Bastian, Nate and Covey, Kevin R and Meyer, Michael R},
title = {{A Universal Stellar Initial Mass Function? A Critical Look at Variations}},
journal = {Annual Review of Astronomy and Astrophysics},
year = {2010},
volume = {48},
number = {1},
pages = {339--389},
month = sep
}

@article{deGroot:1995wca,
author = {de Groot, Peter},
title = {{Derivation of algorithms for phase-shifting interferometry using the concept of a data-sampling window}},
journal = {Applied Optics},
year = {1995},
volume = {34},
pages = {4723},
month = aug
}

@article{Porras:2003kxa,
author = {Porras, Alicia and Christopher, Micol and Allen, Lori and Di Francesco, James and Megeath, S Thomas and Myers, Philip C},
title = {{A Catalog of Young Stellar Groups and Clusters within 1 Kiloparsec of the Sun}},
journal = {The Astronomical Journal},
year = {2003},
volume = {126},
number = {4},
pages = {1916--1924},
month = oct
}

@article{2009ApJ...692..943C,
author = {Cunningham, N J and Moeckel, N and Bally, J},
title = {{A Pulsed, Precessing Jet in Cepheus A}},
journal = {arXiv},
year = {2009},
volume = {692},
number = {2},
pages = {943--954},
month = feb
}

@article{Pillitteri:2010fm,
author = {Pillitteri, I and Sciortino, S and Flaccomio, E and Stelzer, B and Micela, G and Damiani, F and Testi, L and Montmerle, T and Grosso, N and Favata, F and Giardino, G},
title = {{Results from DROXO. III. Observation, source list, and X-ray properties of sources detected in the ``Deep Rho Ophiuchi XMM-Newton Observation''}},
journal = {Astronomy and Astrophysics},
year = {2010},
volume = {519},
pages = {A34},
month = sep
}

@article{2004ApJS..154....1W,
author = {Werner, M W and Roellig, T L and Low, F J and Rieke, G H and Rieke, M and Hoffmann, W F and Young, E and Houck, J R and Brandl, B and Fazio, G G and Hora, J L and Gehrz, R D and Helou, G and Soifer, B T and Stauffer, J and Keene, J and Eisenhardt, P and Gallagher, D and Gautier, T N and Irace, W and Lawrence, C R and Simmons, L and Van Cleve, J E and Jura, M and Wright, E L and Cruikshank, D P},
title = {{The Spitzer Space Telescope Mission}},
journal = {The Astrophysical Journal Supplement Series},
year = {2004},
volume = {154},
number = {1},
pages = {1--9},
month = sep
}

@article{Stelzer:2009gs,
author = {Stelzer, B and Scholz, A},
title = {{A Chandra and Spitzer census of the young star cluster in the reflection nebula NGC 7129}},
journal = {Astronomy and Astrophysics},
year = {2009},
volume = {507},
number = {1},
pages = {227--240},
month = nov
}

@article{Colavita:1999bsa,
author = {Colavita, M M and Wallace, J K and Hines, B E and Gursel, Y and Malbet, F and Palmer, D L and Pan, X P and Shao, M and Yu, J W and Boden, A F and Dumont, P J and Gubler, J and Koresko, C D and Kulkarni, S R and Lane, B F and Mobley, D W and van Belle, G T},
title = {{The Palomar Testbed Interferometer}},
journal = {The Astrophysical Journal},
year = {1999},
volume = {510},
number = {1},
pages = {505--521},
month = jan
}

@article{1979ApJ...233..163S,
author = {Sargent, A I},
title = {{Molecular clouds and star formation. II - Star formation in the Cepheus OB3 and Perseus OB2 molecular clouds}},
journal = {The Astrophysical Journal},
year = {1979},
volume = {233},
pages = {163--181},
month = oct
}

@article{Bonnell:2001ed,
author = {Bonnell, I A and Clarke, C J and Bate, M R and Pringle, J E},
title = {{Accretion in stellar clusters and the initial mass function}},
journal = {Monthly Notices of the Royal Astronomical Society},
year = {2001},
volume = {324},
number = {3},
pages = {573--579},
month = jun
}

@incollection{2008hsf1.book..966D,
author = {Dahm, S E},
title = {{The Young Cluster and Star Forming Region NGC 2264}},
booktitle = {Handbook of Star Forming Regions, Volume I},
year = {2008},
editor = {Reipurth, B},
pages = {966},
month = dec
}

@article{Bate:2004us,
author = {Bate, M R and Bonnell, I A},
title = {{Computer Simulations of Star Cluster Formation via Turbulent Fragmentation}},
journal = {The Formation and Evolution of Massive Young Star Clusters},
year = {2004},
volume = {322},
pages = {289},
month = dec,
annote = {ISBN: 1-58381-184-2}
}

@article{Storm:2014da,
author = {Storm, Shaye and Mundy, Lee G and Fern{\'a}ndez-L{\'o}pez, Manuel and Lee, Katherine I and Looney, Leslie W and Teuben, Peter and Rosolowsky, Erik and Arce, Hector G and Ostriker, Eve C and Segura-Cox, Dominique M and Pound, Marc W and Salter, Demerese M and Volgenau, Nikolaus H and Shirley, Yancy L and Chen, Che-Yu and Gong, Hao and Plunkett, Adele L and Tobin, John J and Kwon, Woojin and Isella, Andrea and Kauffmann, Jens and Tassis, Konstantinos and Crutcher, Richard M and Gammie, Charles F and Testi, Leonardo},
title = {{CARMA Large Area Star Formation Survey: Project Overview with Analysis of Dense Gas Structure and Kinematics in Barnard 1}},
journal = {The Astrophysical Journal},
year = {2014},
volume = {794},
number = {2},
pages = {165},
month = oct
}

@article{2009ApJ...703L.157J,
author = {Jim{\'e}nez-Serra, I and Mart{\'\i}n-Pintado, J and Caselli, P and Mart{\'\i}n, S and Rodr{\'\i}guez-Franco, A and Chandler, C and Winters, J M},
title = {{Unveiling the Main Heating Sources in the Cepheus a HW2 Region}},
journal = {arXiv},
year = {2009},
volume = {703},
number = {2},
pages = {L157--L161},
month = oct
}

@article{Gvaramadze:2011th,
author = {Gvaramadze, V V and Kniazev, A Y and Kroupa, P},
title = {{Search for OB stars running away from young star clusters. II. The NGC  6357 star-forming region}},
journal = {arXiv},
year = {2011},
volume = {astro-ph.SR},
month = sep,
annote = {13 pages, 16 figures, accepted for publication in A{\&}amp;A

13 pages, 16 figures, accepted for publication in A{\&}amp;A}
}

@article{Terebey:1994dk,
author = {Terebey, S and Chandler, C J and Andr{\'e}, P},
title = {{Millimeter continuum measurements of circumstellar dust around very young low-mass stars}},
journal = {Astrophysics and Space Science},
year = {1994},
volume = {212},
number = {1-2},
pages = {191--195},
month = feb
}

@article{Schmit:1995fta,
author = {Schmit, Joanna and Creath, Katherine},
title = {{Extended averaging technique for derivation of error-compensating algorithms in phase-shifting interferometry}},
journal = {Applied Optics},
year = {1995},
volume = {34},
number = {19},
pages = {3610},
month = jul
}

@article{Soifer:2008cca,
author = {Soifer, Baruch T and Helou, George and Werner, Michael},
title = {{The Spitzer View of the Extragalactic Universe}},
journal = {Annual Review of Astronomy and Astrophysics},
year = {2008},
volume = {46},
number = {1},
pages = {201--240},
month = sep
}

@article{McKee:2007bd,
author = {McKee, Christopher F and Ostriker, Eve C},
title = {{Theory of Star Formation}},
journal = {Annual Review of Astronomy and Astrophysics},
year = {2007},
volume = {45},
number = {1},
pages = {565--687},
month = sep
}

@article{Myers:2014ct,
author = {Myers, Philip C},
title = {{Protostar Mass Functions in Young Clusters}},
journal = {The Astrophysical Journal},
year = {2014},
volume = {781},
number = {1},
pages = {33},
month = jan
}

@article{Madau:1996tua,
author = {Madau, Piero and Ferguson, Henry C and Dickinson, Mark E and Giavalisco, Mauro and Steidel, Charles C and Fruchter, Andrew},
title = {{High-redshift galaxies in the Hubble Deep Field: colour selection and star formation history to z{\textasciitilde}4}},
journal = {Monthly Notices of the Royal Astronomical Society},
year = {1996},
volume = {283},
pages = {1388},
month = dec
}

@article{Jura:2001cq,
author = {Jura, M and Webb, R A and Kahane, C},
title = {{Large Circumbinary Dust Grains around Evolved Giants?}},
journal = {The Astrophysical Journal},
year = {2001},
volume = {550},
number = {1},
pages = {L71--L75},
month = mar
}

@article{1985ApJ...292..231S,
author = {Schwartz, P R and Thronson Jr, H A and Odenwald, S F and Glaccum, W and Loewenstein, R F and Wolf, G},
title = {{Active star formation in NGC 2264}},
journal = {The Astrophysical Journal},
year = {1985},
volume = {292},
pages = {231--237},
month = may
}

@article{Hopkins:2004eua,
author = {Hopkins, A M},
title = {{On the Evolution of Star-forming Galaxies}},
journal = {The Astrophysical Journal},
year = {2004},
volume = {615},
number = {1},
pages = {209--221},
month = nov
}

@article{2003ApJ...588.1110K,
author = {Kuchner, Marc J and Holman, Matthew J},
title = {{The Geometry of Resonant Signatures in Debris Disks with Planets}},
journal = {The Astrophysical Journal},
year = {2003},
volume = {588},
number = {2},
pages = {1110--1120},
month = may
}

@article{2015AJ....149..200D,
author = {Dahm, S E and Hillenbrand, L A},
title = {{An Optical Survey of the Partially Embedded Young Cluster in NGC 7129}},
journal = {The Astronomical Journal},
year = {2015},
volume = {149},
number = {6},
pages = {200},
month = jun
}

@article{Kim:1994iu,
author = {Kim, Sang-Hee and Martin, P G and Hendry, Paul D},
title = {{The size distribution of interstellar dust particles as determined from extinction}},
journal = {Astrophysical Journal},
year = {1994},
volume = {422},
pages = {164--175},
month = feb
}

@article{Scaife:2012wb,
author = {Scaife, Anna},
title = {{Radio Emission from Young Stellar Objects}},
journal = {Astronomical Review},
year = {2012},
volume = {7},
pages = {26},
month = oct,
annote = {Astronomical Review}
}

@article{Forbrich:2011ht,
author = {Forbrich, Jan and Osten, Rachel A and Wolk, Scott J},
title = {{Simultaneous X-Ray and Radio Observations of Young Stellar Objects in NGC 1333 and IC 348}},
journal = {The Astrophysical Journal},
year = {2011},
volume = {736},
number = {1},
pages = {25},
month = jul
}

@article{2005AJ....129..829D,
author = {Dahm, S E and Simon, T},
title = {{The T Tauri Star Population of the Young Cluster NGC 2264}},
journal = {The Astronomical Journal},
year = {2005},
volume = {129},
number = {2},
pages = {829--855},
month = feb
}

@article{2003ApJ...584..832R,
author = {Ressler, Michael E and Barsony, Mary},
title = {{Structure of the Mid-Infrared-emitting Disk around WL 16}},
journal = {The Astrophysical Journal},
year = {2003},
volume = {584},
number = {2},
pages = {832--842},
month = feb
}

@article{2012ApOpt..51.2202G,
author = {Grainger, William F and Juanola-Parramon, Roser and Ade, Peter A R and Griffin, Matt and Liggins, Flo and Pascale, Enzo and Savini, Giorgio and Swinyard, Bruce},
title = {{Demonstration of spectral and spatial interferometry at THz frequencies}},
journal = {Applied Optics},
year = {2012},
volume = {51},
number = {12},
pages = {2202--2211},
month = apr
}

@article{Deutsch:1995gb,
author = {Deutsch, Lynne K and Hora, Joseph L and Butner, Harold M and Hoffmann, William F and Fazio, Giovanni G},
title = {{Extended Structures around YSO in Mid-Infrared Broad Emission Features}},
journal = {Astrophysics and Space Science},
year = {1995},
volume = {224},
number = {1},
pages = {89--92},
month = feb
}

@article{Kroupa:2001kia,
author = {Kroupa, Pavel},
title = {{On the variation of the initial mass function}},
journal = {Monthly Notices of the Royal Astronomical Society},
year = {2001},
volume = {322},
number = {2},
pages = {231--246},
month = apr
}

@article{Tatulli:2010ht,
author = {Tatulli, E and Blind, N and Berger, J-P and Chelli, A and Malbet, F},
title = {{Estimating the phase in groundbased interferometry: performance comparison between singlemode and multimode schemes}},
journal = {Astronomy and Astrophysics},
year = {2010},
volume = {524},
pages = {65},
month = dec
}

@article{Draine:2011tr,
author = {Draine, Bruce T},
title = {{Physics of the Interstellar and Intergalactic Medium}},
journal = {Physics of the Interstellar and Intergalactic Medium by Bruce T. Draine. Princeton University Press},
year = {2011},
month = n/a
}

@article{Snell:1986kf,
author = {Snell, R L and Bally, J},
title = {{Compact radio sources associated with molecular outflows}},
journal = {Astrophysical Journal},
year = {1986},
volume = {303},
pages = {683},
month = apr
}

@inproceedings{Rizzo:2014jq,
author = {Rizzo, Maxime J and Rinehart, S A and Alcorn, J B and Barclay, R B and Barry, R K and Benford, D J and Dhabal, A and Fixsen, D J and Gore, A S and Johnson-Shapoval, S and Leisawitz, D T and Maher, S F and Mundy, L G and Papageorgiou, A and Pascale, E and Rau, A and Silverberg, R F and Taraschi, P and Veach, T J and Weinreich, S},
title = {{Building an interferometer at the edge of space: pointing and phase control system for BETTII}},
booktitle = {Proceedings of the SPIE},
year = {2014},
editor = {Oschmann, Jacobus M and Clampin, Mark and Fazio, Giovanni G and MacEwen, Howard A},
pages = {91433H--91433H--12},
organization = {Univ. of Maryland, College Park (United States)},
publisher = {SPIE},
month = aug,
annote = {ISBN: 9780819496119}
}

@article{Stutz:2015gn,
author = {Stutz, A M and Kainulainen, J},
title = {{Evolution of column density distributions within Orion A⋆}},
journal = {arXiv},
year = {2015},
volume = {577},
pages = {L6},
month = may
}

@article{Kroupa:2008vba,
author = {Kroupa, P},
title = {{The IMF of Simple and Composite Populations}},
journal = {Pathways Through an Eclectic Universe ASP Conference Series},
year = {2008},
volume = {390},
pages = {3},
month = jun
}

@article{1977ApJ...218..736S,
author = {Sargent, A I},
title = {{Molecular clouds and star formation. I - Observations of the Cepheus OB3 molecular cloud}},
journal = {The Astrophysical Journal},
year = {1977},
volume = {218},
pages = {736--748},
month = dec
}

@article{Tremonti:2004eda,
author = {Tremonti, Christy A and Heckman, Timothy M and Kauffmann, Guinevere and Brinchmann, Jarle and Charlot, St{\'e}phane and White, Simon D M and Seibert, Mark and Peng, Eric W and Schlegel, David J and Uomoto, Alan and Fukugita, Masataka and Brinkmann, Jon},
title = {{The Origin of the Mass-Metallicity Relation: Insights from 53,000 Star-forming Galaxies in the Sloan Digital Sky Survey}},
journal = {The Astrophysical Journal},
year = {2004},
volume = {613},
number = {2},
pages = {898--913},
month = oct
}

@article{Spechler:2010fw,
author = {Spechler, Joshua A and Hoppe, Daniel J and Sigrist, Norbert and Shi, Fang and Seo, Byoung-Joon and Bikkannavar, Siddarayappa},
title = {{Advanced DFS: a dispersed fringe sensing algorithm insensitive to small calibration errors}},
journal = {Space Telescopes and Instrumentation 2010: Optical},
year = {2010},
volume = {7731},
pages = {166--773155--10},
month = jul,
annote = {(c) 2010: American Institute of Physics

(c) 2010: American Institute of Physics}
}

@article{Panter:2008eya,
author = {Panter, Benjamin and Jimenez, Raul and Heavens, Alan F and Charlot, St{\'e}phane},
title = {{The cosmic evolution of metallicity from the SDSS fossil record}},
journal = {Monthly Notices of the Royal Astronomical Society},
year = {2008},
volume = {391},
number = {3},
pages = {1117--1126},
month = dec
}

@article{2010ASPC..430..541S,
author = {Shibai, H and Fukagawa, M and Kato, E and Kanoh, T and Kohyama, T and Itoh, Y and Yamamoto, K and Kawada, M and Watabe, T and Nakashima, A and Tanabe, M and Kanoh, R and Narita, M},
title = {{Far-Infrared Interferometric Experiment (FITE): Toward the First Flight}},
journal = {Pathways Towards Habitable Planets},
year = {2010},
volume = {430},
pages = {541},
month = oct
}

@article{1984ApJ...278L...1N,
author = {Neugebauer, G and Habing, H J and van Duinen, R and Aumann, H H and Baud, B and Beichman, C A and Beintema, D A and Boggess, N and Clegg, P E and de Jong, T and Emerson, J P and Gautier, T N and Gillett, F C and Harris, S and Hauser, M G and Houck, J R and Jennings, R E and Low, F J and Marsden, P L and Miley, G and Olnon, F M and Pottasch, S R and Raimond, E and Rowan-Robinson, M and Soifer, B T and Walker, R G and Wesselius, P R and Young, E},
title = {{The Infrared Astronomical Satellite (IRAS) mission}},
journal = {Astrophysical Journal},
year = {1984},
volume = {278},
pages = {L1--L6},
month = mar
}

@article{2011ApJ...741...51R,
author = {Robinson, Tyler D},
title = {{Modeling the Infrared Spectrum of the Earth-Moon System: Implications for the Detection and Characterization of Earthlike Extrasolar Planets and Their Moonlike Companions}},
journal = {The Astrophysical Journal},
year = {2011},
volume = {741},
number = {1},
pages = {51},
month = nov
}

@article{Scaife:2012gn,
author = {Scaife, Anna M M and Heald, George H},
title = {{A broad-band flux scale for low-frequency radio telescopes}},
journal = {Monthly Notices of the Royal Astronomical Society: Letters},
year = {2012},
volume = {423},
number = {1},
pages = {L30--L34},
month = jun,
annote = {{\textcopyright} 2012 The Authors Monthly Notices of the Royal Astronomical Society {\textcopyright} 2012 RAS}
}

@article{Gurvich:2008es,
author = {Gurvich, A S and Chunchuzov, I P},
title = {{Three-dimensional spectrum of temperature fluctuations in stably stratified atmosphere}},
journal = {Annales Geophysicae},
year = {2008},
volume = {26},
number = {7},
pages = {2037--2042},
month = jul
}

@article{Gutermuth:2004cr,
author = {Gutermuth, Robert A and Megeath, S Thomas and Muzerolle, James and Allen, Lori E and Pipher, Judith L and Myers, Philip C and Fazio, Giovanni G},
title = {{The NGC 7129 Young Stellar Cluster: A Combined Spitzer, MMT, and Two Micron All Sky Survey Census of Disks, Protostars, and Outflows}},
journal = {The Astrophysical Journal Supplement Series},
year = {2004},
volume = {154},
number = {1},
pages = {374--378},
month = sep
}

@article{Mariotti:1988vea,
author = {Mariotti, J-M and Ridgway, S T},
title = {{Double Fourier spatio-spectral interferometry - Combining high spectral and high spatial resolution in the near infrared}},
journal = {Astronomy and Astrophysics (ISSN 0004-6361)},
year = {1988},
volume = {195},
pages = {350},
month = apr
}

@article{Rizzo:2015gf,
author = {Rizzo, Maxime J and Mundy, Lee G and Dhabal, Arnab and Fixsen, Dale J and Rinehart, Stephen A and Benford, Dominic J and Leisawitz, David and Silverberg, Robert and Veach, Todd and Juanola-Parramon, Roser},
title = {{Far-Infrared Double-Fourier Interferometers and their Spectral Sensitivity}},
journal = {Publications of the Astronomical Society of Pacific},
year = {2015},
volume = {127},
number = {9},
pages = {1045--1060},
month = oct
}

@article{Traub:1988tqa,
author = {Traub, W A and Lacasse, M G},
title = {{Laboratory measurements of visibility using dispersed frings in wavenumber space.}},
journal = {ESO Conf. Workshop Proc.},
year = {1988},
volume = {29},
pages = {947},
month = jan
}

@book{Harman:2005ux,
author = {Harman, Richard R},
title = {{Wilkinson Microwave Anisotropy Probe (WMAP) Attitude Estimation Filter Comparison}},
year = {2005},
month = jan
}

@article{Muzerolle:2004fs,
author = {Muzerolle, J and Megeath, S T and Gutermuth, R A and Allen, L E and Pipher, J L and Hartmann, L and Gordon, K D and Padgett, D L and Noriega-Crespo, A and Myers, P C and Fazio, G G and Rieke, G H and Young, E T and Morrison, J E and Hines, D C and Su, K Y L and Engelbracht, C W and Misselt, K A},
title = {{The 24 Micron View of Embedded Star Formation in NGC 7129}},
journal = {The Astrophysical Journal Supplement Series},
year = {2004},
volume = {154},
number = {1},
pages = {379--384},
month = sep
}

@article{Rebull:2014iw,
author = {Rebull, L M and Cody, A M and Covey, K R and G{\"u}nther, H M and Hillenbrand, L A and Plavchan, P and Poppenhaeger, K and Stauffer, J R and Wolk, S J and Gutermuth, R and Morales-Calder{\'o}n, M and Song, I and Barrado, D and Bayo, A and James, D and Hora, J L and Vrba, F J and Alves de Oliveira, C and Bouvier, J and Carey, S J and Carpenter, J M and Favata, F and Flaherty, K and Forbrich, J and Hernandez, J and McCaughrean, M J and Megeath, S T and Micela, G and Smith, H A and Terebey, S and Turner, N and Allen, L and Ardila, D and Bouy, H and Guieu, S},
title = {{Young Stellar Object VARiability (YSOVAR): Long Timescale Variations in the Mid-infrared}},
journal = {The Astronomical Journal},
year = {2014},
volume = {148},
number = {5},
pages = {92},
month = nov
}

@article{2009AJ....138..963B,
author = {Baxter, E J and Covey, K R and Muench, A A and Fur{\'e}sz, G and Rebull, L and Szentgyorgyi, A H},
title = {{The Distance to NGC 2264}},
journal = {arXiv},
year = {2009},
volume = {138},
number = {3},
pages = {963--974},
month = sep
}

@article{2013ApJ...767...58Z,
author = {Zhang, Yichen and Tan, Jonathan C and De Buizer, James M and Sandell, G{\"o}ran and Beltran, Maria T and Churchwell, Ed and McKee, Christopher F and Shuping, Ralph and Staff, Jan E and Telesco, Charles and Whitney, Barbara},
title = {{A Massive Protostar Forming by Ordered Collapse of a Dense, Massive Core}},
journal = {The Astrophysical Journal},
year = {2013},
volume = {767},
number = {1},
pages = {58},
month = apr
}

@article{Kiefer:2014cn,
author = {Kiefer, F and Lecavelier des Etangs, A and Augereau, J C and Vidal-Madjar, A and Lagrange, A M and Beust, H},
title = {{Exocomets in the circumstellar gas disk of HD 172555}},
journal = {Astronomy and Astrophysics},
year = {2014},
volume = {561},
pages = {L10},
month = jan
}

@article{Lilly:1996gba,
author = {Lilly, S J and Le Fevre, O and Hammer, F and Crampton, David},
title = {{The Canada-France Redshift Survey: The Luminosity Density and Star Formation History of the Universe to Z approximately 1}},
journal = {Astrophysical Journal Letters v.460},
year = {1996},
volume = {460},
number = {1},
pages = {L1},
month = mar
}

@article{Bonnell:2002et,
author = {Bonnell, Ian A and Bate, Matthew R},
title = {{Accretion in stellar clusters and the collisional formation of massive stars}},
journal = {Monthly Notice of the Royal Astronomical Society},
year = {2002},
volume = {336},
number = {2},
pages = {659--669},
month = oct
}

@article{Bonnell:2006ee,
author = {Bonnell, Ian A and Bate, Matthew R},
title = {{Star formation through gravitational collapse and competitive accretion}},
journal = {Monthly Notices of the Royal Astronomical Society},
year = {2006},
volume = {370},
number = {1},
pages = {488--494},
month = jul
}

@article{Fontani:2010cf,
author = {Fontani, F and Cesaroni, R and Furuya, R S},
title = {{Class I and Class II methanol masers in high-mass star-forming regions}},
journal = {Astronomy and Astrophysics},
year = {2010},
volume = {517},
pages = {A56},
month = jul
}

@article{2012PASP..124..799R,
author = {Roberge, Aki and Chen, Christine H and Millan-Gabet, Rafael and Weinberger, Alycia J and Hinz, Philip M and Stapelfeldt, Karl R and Absil, Olivier and Kuchner, Marc J and Bryden, Geoffrey},
title = {{The Exozodiacal Dust Problem for Direct Observations of Exo-Earths}},
journal = {Publications of the Astronomical Society of the Pacific},
year = {2012},
volume = {124},
number = {918},
pages = {799--808},
month = aug
}

@article{Robitaille:2011fc,
author = {Robitaille, T P},
title = {{HYPERION: an open-source parallelized three-dimensional dust continuum radiative transfer code}},
journal = {Astronomy and Astrophysics},
year = {2011},
volume = {536},
pages = {A79},
month = dec
}

@article{Roseboom:2009woa,
author = {Roseboom, I and Oliver, S and Farrah, D and Frost, M},
title = {{The History of Star Forming Galaxies and Their Environment as Seen by Spitzer: A Review}},
journal = {AKARI},
year = {2009},
volume = {418},
pages = {265},
month = dec
}

@article{1988ApJ...333..316M,
author = {Margulis, M and Lada, C J and Snell, R L},
title = {{Molecular outflows in the Monoceros OB1 molecular cloud}},
journal = {The Astrophysical Journal},
year = {1988},
volume = {333},
pages = {316--331},
month = oct
}

@article{Chen:1997tb,
author = {Chen, H and Tafalla, M and Greene, T P and Myers, P C and Wilner, D J},
title = {{IRAS 20050+2720: An Embedded Young Cluster Associated with a Multipolar Outflow}},
journal = {The Astrophysical Journal},
year = {1997},
volume = {475},
number = {1},
pages = {163--172},
month = jan
}

@article{Hopkins:2003coa,
author = {Hopkins, A M and Miller, C J and Nichol, R C and Connolly, A J and Bernardi, M and G{\'o}mez, P L and Goto, T and Tremonti, C A and Brinkmann, J and Ivezi{\'c}, {\v Z} and Lamb, D Q},
title = {{Star Formation Rate Indicators in the Sloan Digital Sky Survey}},
journal = {The Astrophysical Journal},
year = {2003},
volume = {599},
number = {2},
pages = {971--991},
month = dec
}

@article{Cortes:2006gg,
author = {Cortes, Paulo C and Crutcher, Richard M and Matthews, Brenda C},
title = {{Interferometric Mapping of Magnetic Fields: NGC 2071IR}},
journal = {The Astrophysical Journal},
year = {2006},
volume = {650},
number = {1},
pages = {246--251},
month = oct
}

@article{Kitamura:1990gy,
author = {Kitamura, Yoshimi and Kawabe, Ryohei and Yamashita, Takuya and Hayashi, Masahiko},
title = {{High-resolution mapping of the bipolar outflow in NGC 2071 - Evidence for a wind-driven molecular outflow}},
journal = {Astrophysical Journal},
year = {1990},
volume = {363},
pages = {180},
month = nov
}

@article{Kumar:2006jo,
author = {Kumar, M S N and Keto, E and Clerkin, E},
title = {{The youngest stellar clusters. Clusters associated with massive protostellar candidates}},
journal = {Astronomy and Astrophysics},
year = {2006},
volume = {449},
number = {3},
pages = {1033--1041},
month = apr
}

@article{2007PASJ...59S.369M,
author = {Murakami, H and Baba, H and Barthel, P and Clements, D L and Cohen, M and Doi, Y and Enya, K and Figueredo, E and Fujishiro, N and Fujiwara, H and Fujiwara, M and Garcia-Lario, P and Goto, T and Hasegawa, S and Hibi, Y and Hirao, T and Hiromoto, N and Hong, S S and Imai, K and Ishigaki, M and Ishiguro, M and Ishihara, D and Ita, Y and Jeong, W S and Jeong, K S and Kaneda, H and Kataza, H and Kawada, M and Kawai, T and Kawamura, A and Kessler, M F and Kester, D and Kii, T and Kim, D Chan and Kim, W and Kobayashi, H and Koo, B C and Kwon, S M and Lee, H M and Lorente, R and Makiuti, S and Matsuhara, H and Matsumoto, T and Matsuo, H and Matsuura, S and M{\"u}ller, T G and Murakami, N and Nagata, H and Nakagawa, T and Naoi, T and Narita, M and Noda, M and Oh, S H and Ohnishi, A and Ohyama, Y and Okada, Y and Okuda, H and Oliver, S and Onaka, T and Ootsubo, T and Oyabu, S and Pak, S and Park, Y S and Pearson, C P and Rowan-Robinson, M and Saito, T and Sakon, I and Salama, A and Sato, S and Savage, R S and Serjeant, S and Shibai, H and Shirahata, M and Sohn, J and Suzuki, T and Takagi, T and Takahashi, H and Tanab{\'e}, T and Takeuchi, T T and Takita, S and Thomson, M and Uemizu, K and Ueno, M and Usui, F and Verdugo, E and Wada, T and Wang, L and Watabe, T and Watarai, H and White, G J and Yamamura, I and Yamauchi, C and Yasuda, A},
title = {{The Infrared Astronomical Mission AKARI}},
journal = {Publications of the Astronomical Society of Japan},
year = {2007},
volume = {59},
number = {sp2},
pages = {369--S376},
month = oct
}

@article{Jorgensen:2008gz,
author = {J{\o}rgensen, Jes K and Johnstone, Doug and Kirk, Helen and Myers, Philip C and Allen, Lori E and Shirley, Yancy L},
title = {{Current Star Formation in the Ophiuchus and Perseus Molecular Clouds: Constraints and Comparisons from Unbiased Submillimeter and Mid-Infrared Surveys. II.}},
journal = {The Astrophysical Journal},
year = {2008},
volume = {683},
number = {2},
pages = {822--843},
month = aug
}

@article{1955LIACo...6..666E,
author = {Ebert, R},
title = {{The Influence of Dust on the Equation of State of a contracting Cloud and the Formation of Stars}},
journal = {Les particules solides dans les astres. Communications presentees au sixieme Colloque International d'Astrophysique tenu a Liege les 15},
year = {1955},
volume = {6},
pages = {666--672},
month = n/a
}

@article{2000AAS...197.1409L,
author = {Leisawitz, D and Mather, J C and Blain, A W and Langer, W D and Moseley, S H and Yorke, H W},
title = {{Next-generation Far-IR Telescopes and Interferometers: Scientific Capabilities and Technology Challenges}},
journal = {American Astronomical Society},
year = {2000},
volume = {197},
pages = {1426},
month = dec
}

@article{Compiegne:2010kk,
author = {Compi{\`e}gne, M and Flagey, N and Noriega-Crespo, A and Martin, P G and Bernard, J P and Paladini, R and Molinari, S},
title = {{Dust in the Diffuse Emission of the Galactic Plane: The Herschel/Spitzer Spectral Energy Distribution Fitting}},
journal = {The Astrophysical Journal Letters},
year = {2010},
volume = {724},
number = {1},
pages = {L44--L47},
month = nov
}

@article{Bonnell:2001fk,
author = {Bonnell, I A and Bate, M R and Clarke, C J and Pringle, J E},
title = {{Competitive accretion in embedded stellar clusters}},
journal = {Monthly Notices of the Royal Astronomical Society},
year = {2001},
volume = {323},
number = {4},
pages = {785--794},
month = may
}

@article{1987A&A...186..312R,
author = {Ryter, C and Puget, J L and Perault, M},
title = {{Infrared radiation of very small dust grains in the Rho Ophiuchi region}},
journal = {Astronomy and Astrophysics (ISSN 0004-6361)},
year = {1987},
volume = {186},
pages = {312--318},
month = nov
}

@article{2013ApJ...764..140M,
author = {Myers, Philip C},
title = {{Origin of the Dense Core Mass Function in Contracting Filaments}},
journal = {The Astrophysical Journal},
year = {2013},
volume = {764},
number = {2},
pages = {140},
month = feb
}

@article{Herczeg:2011bp,
author = {Herczeg, G J and Brown, J M and van Dishoeck, E F and Pontoppidan, K M},
title = {{Disks and outflows in CO rovibrational emission from embedded, low-mass young stellar objects}},
journal = {Astronomy and Astrophysics},
year = {2011},
volume = {533},
pages = {A112},
month = sep
}

@article{2012ApJS..199....6P,
author = {Pueyo, Laurent and Crepp, Justin R and Vasisht, Gautam and Brenner, Douglas and Oppenheimer, Ben R and Zimmerman, Neil and Hinkley, Sasha and Parry, Ian and Beichman, Charles and Hillenbrand, Lynne and Roberts, Lewis C and Dekany, Richard and Shao, Mike and Burruss, Rick and Bouchez, Antonin and Roberts, Jenny and Soummer, R{\'e}mi},
title = {{Application of a Damped Locally Optimized Combination of Images Method to the Spectral Characterization of Faint Companions Using an Integral Field Spectrograph}},
journal = {The Astrophysical Journal Supplement},
year = {2012},
volume = {199},
number = {1},
pages = {6},
month = mar
}

@article{1978ApJ...226..439B,
author = {Bechis, K P and Harvey, P M and Campbell, M F and Hoffmann, W F},
title = {{Star formation in the NGC 7129 region - A CO molecular-line and far-infrared continuum study}},
journal = {Astrophysical Journal},
year = {1978},
volume = {226},
pages = {439--441},
month = dec
}

@article{2007ApJ...666L..37T,
author = {Torrelles, J M and Patel, N A and Curiel, S and Ho, P T P and Garay, G and Rodr{\'\i}guez, L F},
title = {{The Circumstellar Structure and Excitation Effects around the Massive Protostar Cepheus A HW 2}},
journal = {arXiv},
year = {2007},
volume = {666},
number = {1},
pages = {L37--L40},
month = sep
}

@article{1981MNRAS.194..809L,
author = {Larson, R B},
title = {{Turbulence and star formation in molecular clouds}},
journal = {Monthly Notices of the Royal Astronomical Society},
year = {1981},
volume = {194},
pages = {809--826},
month = mar,
annote = {A{\&}AA ID. AAA029.131.011}
}

@article{Moore:1998fx,
author = {Moore, T J T and Emerson, J P and Skinner, C J and Meixner, M M and Arens, J F and Jernigan, J G},
title = {{Mid-infrared imaging of WL16: the spatial distribution of the hydrocarbon emission features}},
journal = {Monthly Notices of the Royal Astronomical Society},
year = {1998},
volume = {299},
number = {4},
pages = {1209--1214},
month = oct
}

@article{Monnier:2004fd,
author = {Monnier, John D and Berger, Jean-Philippe and Millan-Gabet, Rafael and ten Brummelaar, Theo A},
title = {{The Michigan Infrared Combiner (MIRC): IR imaging with the CHARA Array}},
journal = {New Frontiers in Stellar Interferometry},
year = {2004},
volume = {5491},
pages = {1370--},
month = oct
}

@article{Trinidad:2004hl,
author = {Trinidad, Miguel A and Curiel, Salvador and Torrelles, Jos{\'e} M and Rodr{\'\i}guez, Luis F and Cant{\'o}, Jorge and G{\'o}mez, Jos{\'e} F and Patel, Nimesh and Ho, Paul T P},
title = {{Multiple Outflows in the LkH$\alpha$ 234 Region}},
journal = {The Astrophysical Journal},
year = {2004},
volume = {613},
number = {1},
pages = {416--423},
month = sep
}

@article{Bonnell:2011jw,
author = {Bonnell, Ian A and Smith, Rowan J and Clark, Paul C and Bate, Matthew R},
title = {{The efficiency of star formation in clustered and distributed regions}},
journal = {Monthly Notices of the Royal Astronomical Society},
year = {2011},
volume = {410},
number = {4},
pages = {2339--2346},
month = feb,
annote = {{\textcopyright} 2010 The Authors. Journal compilation {\textcopyright} 2010 RAS}
}

@article{Anglada:1998uu,
author = {Anglada, Guillem and Rodr{\'\i}guez, Luis F and Rodr{\'\i}guez, L F and Torrelles, Jos{\'e} M},
title = {{On the Exciting Sources of the L723 and IRAS 20050+2720 Quadrupolar Molecular Outflows}},
journal = {Star Formation with the Infrared Space Observatory},
year = {1998},
volume = {132},
pages = {303},
month = n/a
}

@article{Berne:2009ic,
author = {Bern{\'e}, O and Fuente, A and Goicoechea, J R and Pilleri, P and Gonz{\'a}lez-Garc{\'\i}a, M and Joblin, C},
title = {{Mid-Infrared Polycyclic Aromatic Hydrocarbon and H2 Emission as a Probe of Physical Conditions in Extreme Photodissociation Regions}},
journal = {The Astrophysical Journal Letters},
year = {2009},
volume = {706},
number = {1},
pages = {L160--L163},
month = nov
}

@article{2009ApJ...704.1495P,
author = {Pravdo, S H and Tsuboi, Y and Uzawa, A and Ezoe, Y},
title = {{X-rays from the Power Sources of the Cepheus A Star-Forming Region}},
journal = {arXiv},
year = {2009},
volume = {704},
number = {2},
pages = {1495--1505},
month = oct
}

@article{Benford:2008wk,
author = {Benford, Dominic J},
title = {{Transition Edge Sensor Bolometers for CMB Polarimetry}},
journal = {Workshop on Technology Development for a CMB Probe of Inflation},
year = {2008},
month = aug
}

@article{Shao:1988vba,
author = {Shao, M and Colavita, M M and Hines, B E and Staelin, D H and Hutter, D J and Johnston, K J and Mozurkewich, D and Simon, R S and Hershey, J L and Hughes, J A and Kaplan, G H},
title = {{The Mark III stellar interferometer}},
journal = {Astronomy and Astrophysics (ISSN 0004-6361)},
year = {1988},
volume = {193},
pages = {357},
month = mar,
annote = {Important to look at the appendix, where several relations for signal to noise have been derived.

Important to look at the appendix, where several relations for signal to noise have been derived.}
}

@article{2008ApJ...672.1013P,
author = {Padgett, Deborah L and Rebull, Luisa M and Stapelfeldt, Karl R and Chapman, Nicholas L and Lai, Shih-Ping and Mundy, Lee G and Evans, Neal J II and Brooke, Timothy Y and Cieza, Lucas A and Spiesman, William J and Noriega-Crespo, Alberto and McCabe, Caer-Eve and Allen, Lori E and Blake, Geoffrey A and Harvey, Paul M and Huard, Tracy L and J{\o}rgensen, Jes K and Koerner, David W and Myers, Philip C and Sargent, Annelia I and Teuben, Peter and van Dishoeck, Ewine F and Wahhaj, Zahed and Young, Kaisa E},
title = {{The Spitzer c2d Survey of Large, Nearby, Interstellar Clouds. VII. Ophiuchus Observed with MIPS}},
journal = {The Astrophysical Journal},
year = {2008},
volume = {672},
number = {2},
pages = {1013--1037},
month = jan
}

@article{Ferriere:2001gv,
author = {Ferri{\`e}re, Katia M},
title = {{The interstellar environment of our galaxy}},
journal = {Reviews of Modern Physics},
year = {2001},
volume = {73},
number = {4},
pages = {1031--1066},
month = oct
}

@article{Fixsen:2002jv,
author = {Fixsen, D J and Mather, J C},
title = {{The Spectral Results of the Far-Infrared Absolute Spectrophotometer Instrument on COBE}},
journal = {The Astrophysical Journal},
year = {2002},
volume = {581},
number = {2},
pages = {817--822},
month = dec
}

@article{Hibino:1997jra,
author = {Hibino, Kenichi and Oreb, Bob F and Farrant, David I and Larkin, Kieran G},
title = {{Phase-shifting algorithms for nonlinear and spatially nonuniform phase shifts}},
journal = {Journal of the Optical Society of America A: Optics},
year = {1997},
volume = {14},
number = {4},
pages = {918},
month = apr
}

@article{Rinehart:2010by,
author = {Rinehart, S},
title = {{The Balloon Experimental Twin Telescope for Infrared Interferometry (BETTII)}},
journal = {Optical and Infrared Interferometry II. Edited by Danchi},
year = {2010},
volume = {7734},
pages = {16--77340K--12},
month = jul,
annote = {(c) 2010: American Institute of Physics}
}

@article{vanDishoeck:2011em,
author = {van Dishoeck, E F and Kristensen, L E and Benz, A O and Bergin, E A and Caselli, P and Cernicharo, J and Herpin, F and Hogerheijde, M R and Johnstone, D and Liseau, R and Nisini, B and Shipman, R and Tafalla, M and van der Tak, F and Wyrowski, F and Aikawa, Y and Bachiller, R and Baudry, A and Benedettini, M and Bjerkeli, P and Blake, G A and Bontemps, S and Braine, J and Brinch, C and Bruderer, S and Chavarr{\'\i}a, L and Codella, C and Daniel, F and de Graauw, Th and Deul, E and di Giorgio, A M and Dominik, C and Doty, S D and Dubernet, M L and Encrenaz, P and Feuchtgruber, H and Fich, M and Frieswijk, W and Fuente, A and Giannini, T and Goicoechea, J R and Helmich, F P and Herczeg, G J and Jacq, T and J{\o}rgensen, J K and Karska, A and Kaufman, M J and Keto, E and Larsson, B and Lefloch, B and Lis, D and Marseille, M and McCoey, C and Melnick, G and Neufeld, D and Olberg, M and Pagani, L and Pani{\'c}, O and Parise, B and Pearson, J C and Plume, R and Risacher, C and Salter, D and Santiago-Garc{\'\i}a, J and Saraceno, P and St{\"a}uber, P and van Kempen, T A and Visser, R and Viti, S and Walmsley, M and Wampfler, S F and Y{\i}ld{\i}z, U A},
title = {{Water in Star-forming Regions with the Herschel Space Observatory (WISH). I. Overview of Key Program and First Results}},
journal = {Publications of the Astronomical Society of Pacific},
year = {2011},
volume = {123},
number = {9},
pages = {138--170},
month = feb
}

@article{Shuster:1993uka,
author = {Shuster, M D},
title = {{A survey of attitude representations}},
journal = {Navigation},
year = {1993}
}

@article{DiFrancesco:2007vg,
author = {Di Francesco, J and Evans, N J II and Caselli, P and Myers, P C and Shirley, Y and Aikawa, Y and Tafalla, M},
title = {{An Observational Perspective of Low-Mass Dense Cores I: Internal Physical and Chemical Properties}},
journal = {Protostars and Planets V},
year = {2007},
pages = {17--32},
month = n/a
}

@article{McKee:2003gxa,
author = {McKee, Christopher F and Tan, Jonathan C},
title = {{The Formation of Massive Stars from Turbulent Cores}},
journal = {The Astrophysical Journal},
year = {2003},
volume = {585},
number = {2},
pages = {850--871},
month = mar
}

@article{Poppenhaeger:2015hm,
author = {Poppenhaeger, K and Cody, A M and Covey, K R and G{\"u}nther, H M and Hillenbrand, L A and Plavchan, P and Rebull, L M and Stauffer, J R and Wolk, S J and Espaillat, C and Forbrich, J and Gutermuth, R A and Hora, J L and Morales-Calder{\'o}n, M and Song, Inseok},
title = {{YSOVAR: Mid-infrared Variability of Young Stellar Objects and Their Disks in the Cluster IRAS 20050+2720}},
journal = {The Astronomical Journal},
year = {2015},
volume = {150},
number = {4},
pages = {118},
month = oct
}

@article{Lyon:2008cna,
author = {Lyon, Richard G and Rinehart, Stephen A and Leisawitz, David T and Memarsadeghi, Nargess},
title = {{Wide-field imaging interferometry testbed (WIIT): image construction algorithms}},
journal = {Optical and Infrared Interferometry. Edited by Sch{\"o}ller},
year = {2008},
volume = {7013},
pages = {47--70131M--11},
month = jul
}

@article{Evans:2009bka,
author = {Evans, Neal J and Dunham, Michael M and J{\o}rgensen, Jes K and Enoch, Melissa L and Mer{\'\i}n, Bruno and van Dishoeck, Ewine F and Alcal{\'a}, Juan M and Myers, Philip C and Stapelfeldt, Karl R and Huard, Tracy L and Allen, Lori E and Harvey, Paul M and van Kempen, Tim and Blake, Geoffrey A and Koerner, David W and Mundy, Lee G and Padgett, Deborah L and Sargent, Anneila I},
title = {{The Spitzer c2d Legacy Results: Star-Formation Rates and Efficiencies; Evolution and Lifetimes}},
journal = {The Astrophysical Journal Supplement},
year = {2009},
volume = {181},
number = {2},
pages = {321--350},
month = apr
}

@article{Fixsen:1996di,
author = {Fixsen, D J and Cheng, E S and Gales, J M and Mather, J C and Shafer, R A and Wright, E L},
title = {{The Cosmic Microwave Background Spectrum from the Full COBE FIRAS Data Set}},
journal = {Astrophysical Journal v.473},
year = {1996},
volume = {473},
number = {2},
pages = {576--587},
month = dec
}

@article{1991ApJ...375..288P,
author = {Palla, Francesco and Stahler, Steven W},
title = {{The evolution of intermediate-mass protostars. I - Basic results}},
journal = {Astrophysical Journal},
year = {1991},
volume = {375},
pages = {288--299},
month = jul
}

@article{Carpenter:2008ta,
author = {Carpenter, J M and Hodapp, K W},
title = {{The Monoceros R2 Molecular Cloud}},
journal = {Handbook of Star Forming Regions},
year = {2008},
pages = {899},
month = dec
}

@article{Davis:2001tr,
author = {Davis, Sumner P and Abrams, Mark C and Brault, James W},
title = {{Fourier transform spectrometry}},
journal = {Fourier transform spectrometry by Sumner P. Davis et al. San Diego},
year = {2001},
month = jan
}

@article{Young:2005ic,
author = {Young, Chadwick H and Evans, Neal J II},
title = {{Evolutionary Signatures in the Formation of Low-Mass Protostars}},
journal = {The Astrophysical Journal},
year = {2005},
volume = {627},
number = {1},
pages = {293--309},
month = jul
}

@article{1994ApJ...420..837A,
author = {Andr{\'e}, Philippe and Montmerle, Thierry},
title = {{From T Tauri stars to protostars: Circumstellar material and young stellar objects in the rho Ophiuchi cloud}},
journal = {The Astrophysical Journal},
year = {1994},
volume = {420},
pages = {837--862},
month = jan
}

@article{Hardy:1998ul,
author = {Hardy, John W},
title = {{Adaptive Optics for Astronomical Telescopes}},
journal = {Adaptive Optics for Astronomical Telescopes},
year = {1998},
month = jul,
annote = {ISBN: 9780195090192}
}

@article{Bufton:1973eg,
author = {Bufton, J L},
title = {{Comparison of vertical profile turbulence structure with stellar observations.}},
journal = {Applied Optics},
year = {1973},
volume = {12},
number = {8},
pages = {1785},
month = jan,
annote = {A{\&}AA ID. AAA010.082.139}
}

@article{Rizzo:2003ex,
author = {Rizzo, J R and Fuente, A and Rodr{\'\i}guez-Franco, A and Garc{\'\i}a-Burillo, S},
title = {{Detection of Reactive Ions in the Ultracompact H II Regions Monoceros R2 and G29.96-0.02}},
journal = {The Astrophysical Journal},
year = {2003},
volume = {597},
number = {2},
pages = {L153--L156},
month = nov
}

@article{Motte:2001cj,
author = {Motte, F and Andr{\'e}, P and Ward-Thompson, D and Bontemps, S},
title = {{A SCUBA survey of the NGC 2068/2071 protoclusters}},
journal = {Astronomy and Astrophysics},
year = {2001},
volume = {372},
number = {3},
pages = {L41--L44},
month = jun
}

@article{deGroot:1996jha,
author = {de Groot, Peter J and Deck, Leslie L},
title = {{Numerical simulations of vibration in phase-shifting interferometry}},
journal = {Applied Optics},
year = {1996},
volume = {35},
number = {13},
pages = {2172},
month = may
}

@article{2000SPIE.4013...36L,
author = {Leisawitz, David T and Danchi, William C and DiPirro, Michael J and Feinberg, Lee D and Gezari, Daniel Y and Hagopian, Mike and Langer, William D and Mather, John C and Moseley, S Harvey and Shao, Michael and Silverberg, Robert F and Staguhn, Johannes and Swain, Mark R and Yorke, Harold W and Zhang, Xiaolei},
title = {{Scientific motivation and technology requirements for the SPIRIT and SPECS far-infrared/submillimeter space interferometers}},
journal = {Proc. SPIE Vol. 4013},
year = {2000},
volume = {4013},
pages = {36--46},
month = jul
}

@article{2015A&A...581A..30R,
author = {Rebollido, Isabel and Mer{\'\i}n, Bruno and Ribas, {\'A}lvaro and Bustamante, Ignacio and Bouy, Herv{\'e} and Riviere-Marichalar, Pablo and Prusti, Timo and Pilbratt, G{\"o}ran L and Andr{\'e}, Philippe and {\'A}brah{\'a}m, P{\'e}ter},
title = {{Infrared study of transitional disks in Ophiuchus with Herschel}},
journal = {Astronomy and Astrophysics},
year = {2015},
volume = {581},
pages = {A30},
month = sep
}

@article{Hudgins:2004wa,
author = {Hudgins, D M and Allamandola, L J},
title = {{Polycyclic Aromatic Hydrocarbons and Infrared Astrophysics: The State of the PAH Model and a Possible Tracer of Nitrogen in Carbon-rich Dust.}},
journal = {Astrophysics of Dust},
year = {2004},
volume = {309},
pages = {665--},
month = may
}

@article{Benford:2012cd,
author = {Benford, Dominic J and Fixsen, Dale J and Rinehart, Stephen A and Rizzo, Maxime and Maher, Stephen F and Barry, Richard K},
title = {{Precision attitude control for the BETTII balloon-borne interferometer}},
journal = {Ground-based and Airborne Telescopes IV. Proceedings of the SPIE},
year = {2012},
volume = {8444},
pages = {84442P},
month = sep,
annote = {ISBN: 9780819491459
(c) 2012: SPIE. Downloading of the abstract is permitted for personal use only.}
}

@article{1991ApJ...383..280H,
author = {Hughes, V A},
title = {{Time-dependent radio sources in the star-forming region Cepheus A (east)}},
journal = {The Astrophysical Journal},
year = {1991},
volume = {383},
pages = {280--288},
month = dec
}

@article{McKee:2010iw,
author = {McKee, Christopher F and Offner, Stella S R},
title = {{The Protostellar Mass Function}},
journal = {The Astrophysical Journal},
year = {2010},
volume = {716},
number = {1},
pages = {167--180},
month = jun
}

@article{Bonnor:1956cy,
author = {Bonnor, W B},
title = {{Boyle's Law and gravitational instability}},
journal = {Monthly Notices of the Royal Astronomical Society},
year = {1956},
volume = {116},
number = {3},
pages = {351--},
month = n/a
}

@article{Kennicutt:2012ey,
author = {Kennicutt, Robert C and Evans, Neal J},
title = {{Star Formation in the Milky Way and Nearby Galaxies}},
journal = {Annual Review of Astronomy and Astrophysics},
year = {2012},
volume = {50},
number = {1},
pages = {531--608},
month = sep
}

@article{Rinehart:2010hq,
author = {Rinehart, S A and Leisawitz, D T and Bolcar, M R and Chaprnka, K M and Lyon, R G and Maher, S F and Memarsadeghi, N and Sinukoff, E J and Teichman, E},
title = {{Recent progress in wide-field imaging interferometry}},
journal = {Optical and Infrared Interferometry II. Edited by Danchi},
year = {2010},
volume = {7734},
pages = {73--77342D--9},
month = jul,
annote = {(c) 2010: American Institute of Physics

(c) 2010: American Institute of Physics}
}

@article{Terebey:1984hi,
author = {Terebey, S and Shu, F H and Cassen, P},
title = {{The collapse of the cores of slowly rotating isothermal clouds}},
journal = {Astrophysical Journal},
year = {1984},
volume = {286},
pages = {529--551},
month = nov
}

@article{Ulrich:1976ho,
author = {Ulrich, R K},
title = {{An infall model for the T Tauri phenomenon}},
journal = {Astrophysical Journal},
year = {1976},
volume = {210},
pages = {377--391},
month = dec
}

@article{Hofmann:1977fr,
author = {Hofmann, W and Lemke, D and Thum, C},
title = {{Balloon-borne infrared telescope for absolute surface photometry of the night sky}},
journal = {Applied Optics},
year = {1977},
volume = {16},
number = {12},
pages = {3125},
month = dec,
annote = {A{\&}AA ID. AAA020.032.561}
}

@article{1998A&A...336..150M,
author = {Motte, F and Andr{\'e}, P and Neri, R},
title = {{The initial conditions of star formation in the rho Ophiuchi main cloud: wide-field millimeter continuum mapping}},
journal = {Astronomy and Astrophysics},
year = {1998},
volume = {336},
pages = {150--172},
month = aug
}

@article{Geers:2007bk,
author = {Geers, V C and van Dishoeck, E F and Visser, R and Pontoppidan, K M and Augereau, J C and Habart, E and Lagrange, A M},
title = {{Spatially extended polycyclic aromatic hydrocarbons in circumstellar disks around T Tauri and Herbig Ae stars}},
journal = {Astronomy and Astrophysics},
year = {2007},
volume = {476},
number = {1},
pages = {279--289},
month = dec
}

@article{2009SPIE.7440E..11L,
author = {Lyon, Richard G and Clampin, Mark and Woodruff, Robert A and Vasudevan, Gopal and Thompson, Patrick and Petrone, Peter and Madison, Timothy and Rizzo, Maxime and Melnick, Gary and Tolls, Volker},
title = {{Visible nulling coronagraph testbed results}},
journal = {Techniques and Instrumentation for Detection of Exoplanets IV. Edited by Shaklan},
year = {2009},
volume = {7440},
pages = {744011--744011--8},
month = aug
}

@article{Zernike:1938kq,
author = {Zernike, F},
title = {{The concept of degree of coherence and its application to optical problems}},
journal = {Physica},
year = {1938},
volume = {5},
number = {8},
pages = {785--795},
month = aug
}

@article{1968AJ.....73..233R,
author = {Racine, R},
title = {{Stars in reflection nebulae}},
journal = {Astronomical Journal 73},
year = {1968},
volume = {73},
pages = {233},
month = may
}

@book{Prilutskii:2004tz,
author = {Prilutskii, V E and Ponomarev, V G and Marchuk, V G},
title = {{Prilutskii: Interferometric FOGs with Linear Output - Google Scholar}},
publisher = {Giroskopiya Navigatsiya},
year = {2004}
}

@article{Preibisch:2002jl,
author = {Preibisch, T and Balega, Y Y and Schertl, D and Weigelt, G},
title = {{High-resolution study of the young stellar objects in Mon R2 IRS 3}},
journal = {Astronomy and Astrophysics},
year = {2002},
volume = {392},
number = {3},
pages = {945--954},
month = sep
}

@article{Herter:2013by,
author = {Herter, T L and Vacca, W D and Adams, J D and Keller, L D and Schoenwald, J and Hirsch, L and Wang, J and De Buizer, J M and Helton, L A and Llorens, M C},
title = {{Data Reduction and Early Science Calibration for FORCAST, A Mid-Infrared Camera for SOFIA}},
journal = {Publications of the Astronomical Society of the Pacific},
year = {2013},
volume = {125},
number = {933},
pages = {1393--1404},
month = nov
}

@article{2009ExA....23..245H,
author = {Helmich, Frank P and Ivison, R J},
title = {{FIRI{\textemdash}A far-infrared interferometer}},
journal = {Experimental Astronomy},
year = {2009},
volume = {23},
number = {1},
pages = {245--276},
month = mar
}

@article{2009ApJ...693..406M,
author = {Moscadelli, L and Reid, M J and Menten, K M and Brunthaler, A and Zheng, X W and Xu, Y},
title = {{Trigonometric Parallaxes of Massive Star-Forming Regions. II. Cep A and NGC 7538}},
journal = {arXiv},
year = {2009},
volume = {693},
number = {1},
pages = {406--412},
month = mar
}

@article{Leach:1994fp,
author = {Leach, Robert W and Denune, John},
title = {{Noise and readout performance of a multiple-readout CCD controller}},
journal = {Proc. SPIE Vol. 2198},
year = {1994},
volume = {2198},
pages = {821--828},
month = jun
}

@article{Anonymous:GF7L4qYA,
title = {{Optimal State Estimation}},
year = {2006}
}

@article{vanKempen:2009ku,
author = {van Kempen, T A and van Dishoeck, E F and Salter, D M and Hogerheijde, M R and J{\o}rgensen, J K and Boogert, A C A},
title = {{The nature of the Class I population in Ophiuchus as revealed through gas and dust mapping}},
journal = {Astronomy and Astrophysics},
year = {2009},
volume = {498},
number = {1},
pages = {167--194},
month = apr
}

@article{Erb:2006kna,
author = {Erb, Dawn K and Shapley, Alice E and Pettini, Max and Steidel, Charles C and Reddy, Naveen A and Adelberger, Kurt L},
title = {{The Mass-Metallicity Relation at z>{\textasciitilde}2}},
journal = {The Astrophysical Journal},
year = {2006},
volume = {644},
number = {2},
pages = {813--828},
month = jun
}

@article{Castelaz:1987gw,
author = {Castelaz, Michael W and Sellgren, K and Werner, M W},
title = {{IRAS surface brightness maps of reflection nebulae in the Pleiades}},
journal = {Astrophysical Journal},
year = {1987},
volume = {313},
pages = {853--858},
month = feb
}

@article{Perlot:2009jqa,
author = {Perlot, Nicolas},
title = {{Atmospheric occultation of optical intersatellite links: coherence loss and related parameters}},
journal = {Applied Optics},
year = {2009},
volume = {48},
number = {12},
pages = {2290},
month = apr
}

@article{Evans:1999gz,
author = {Evans, Neal J II},
title = {{Physical Conditions in Regions of Star Formation}},
journal = {Annual Review of Astronomy and Astrophysics},
year = {1999},
volume = {37},
number = {1},
pages = {311--362},
month = n/a
}

@article{Herter:2012hv,
author = {Herter, T L and Adams, J D and De Buizer, J M and Gull, G E and Schoenwald, J and Henderson, C P and Keller, L D and Nikola, T and Stacey, G and Vacca, W D},
title = {{First Science Observations with SOFIA/FORCAST: The FORCAST Mid-infrared Camera}},
journal = {The Astrophysical Journal Letters},
year = {2012},
volume = {749},
number = {2},
pages = {L18},
month = apr
}

@article{Myers:1993en,
author = {Myers, P C and Ladd, E F},
title = {{Bolometric temperatures of young stellar objects}},
journal = {Astrophysical Journal},
year = {1993},
volume = {413},
pages = {L47--L50},
month = aug
}

@article{Meimon:2010ef,
author = {Meimon, Serge and Petit, Cyril and Fusco, Thierry and Kulcsar, Caroline},
title = {{Tip-tilt disturbance model identification for Kalman-based control scheme: application to XAO and ELT systems}},
journal = {Journal of the Optical Society of America A},
year = {2010},
volume = {27},
number = {11},
pages = {122},
month = sep
}

@article{2013ApJ...774...22P,
author = {Plunkett, Adele L and Arce, Hector G and Corder, Stuartt A and Mardones, Diego and Sargent, Anneila I and Schnee, Scott L},
title = {{CARMA Observations of Protostellar Outflows in NGC 1333}},
journal = {The Astrophysical Journal},
year = {2013},
volume = {774},
number = {1},
pages = {22},
month = sep
}

@article{Bonnell:1997vta,
author = {Bonnell, I A and Bate, M R and Clarke, C J and Pringle, J E},
title = {{Accretion and the stellar mass spectrum in small clusters}},
journal = {Monthly Notices of the Royal Astronomical Society},
year = {1997},
volume = {285},
pages = {201},
month = feb
}

@article{deGroot:2009fpa,
author = {de Groot, Peter},
title = {{Design of error-compensating algorithms for sinusoidal phase shifting interferometry}},
journal = {Applied Optics},
year = {2009},
volume = {48},
number = {35},
pages = {6788},
month = dec
}

@article{Barducci:2010ha,
author = {Barducci, Alessandro and Guzzi, Donatella and Lastri, Cinzia and Marcoionni, Paolo and Nardino, Vanni and Pippi, Ivan},
title = {{Theoretical aspects of Fourier Transform Spectrometry and common path triangular interferometers}},
journal = {Optics Express},
year = {2010},
volume = {18},
number = {11},
pages = {11622},
month = may
}

@article{2003AJ....126..286R,
author = {Ridge, Naomi A and Wilson, T L and Megeath, S T and Allen, L E and Myers, P C},
title = {{A 13CO and C18O Survey of the Molecular Gas Around Young Stellar Clusters within 1 Kiloparsec of the Sun}},
journal = {The Astronomical Journal},
year = {2003},
volume = {126},
number = {1},
pages = {286--310},
month = jul
}

@article{Lawson:1999boa,
author = {Lawson, P R and Scott, T R and Haniff, C A},
title = {{Group-delay tracking and visibility fluctuations in long-baseline stellar interferometry}},
journal = {Monthly Notices of the Royal Astronomical Society},
year = {1999},
volume = {304},
number = {1},
pages = {218--224},
month = mar
}

@article{Gillett:1973bh,
author = {Gillett, F C and Forrest, W J and Merrill, K M},
title = {{8 - 13-micron spectra of NGC 7027, BD +30 3639, and NGC 6572.}},
journal = {Astrophysical Journal},
year = {1973},
volume = {183},
pages = {87--93},
month = jul
}

@article{Traub:1976cka,
author = {Traub, W A and Stier, M T},
title = {{Theoretical atmospheric transmission in the mid- and far-infrared at four altitudes}},
journal = {Applied Optics},
year = {1976},
volume = {15},
number = {2},
pages = {364},
month = feb
}

@article{Thurman:2007fj,
author = {Thurman, Samuel T and Fienup, James R},
title = {{Signal-to-noise ratio trade-offs associated with coarsely sampled Fourier transform spectroscopy}},
journal = {Journal of the Optical Society of America A},
year = {2007},
volume = {24},
number = {9},
pages = {2817},
month = jan
}

@article{Dunne:2003ila,
author = {Dunne, Loretta and Eales, Stephen A and Edmunds, M G},
title = {{A census of metals at high and low redshift and the connection between submillimetre sources and spheroid formation}},
journal = {Monthly Notice of the Royal Astronomical Society},
year = {2003},
volume = {341},
number = {2},
pages = {589--598},
month = may
}

@article{Kim:2004wu,
author = {Kim, Bong Gyu and Kawamura, Akiko and Yonekura, Yoshinori and Fukui, Yasuo},
title = {{13CO (J = 1 -- 0) Survey of Molecular Clouds toward the Monoceros and Canis Major Region}},
journal = {Publications of the Astronomical Society of Japan},
year = {2004},
volume = {56},
pages = {313},
month = apr
}

@article{RyanWeber:2009jza,
author = {Ryan-Weber, Emma V and Pettini, Max and Madau, Piero and Zych, Berkeley J},
title = {{A downturn in intergalactic CIV as redshift 6 is approached}},
journal = {Monthly Notices of the Royal Astronomical Society},
year = {2009},
volume = {395},
number = {3},
pages = {1476--1490},
month = may
}

@article{Vannier:2006cpa,
author = {Vannier, M and Petrov, R G and Lopez, B and Millour, F},
title = {{Colour-differential interferometry for the observation of extrasolar planets}},
journal = {Monthly Notices of the Royal Astronomical Society},
year = {2006},
volume = {367},
number = {2},
pages = {825--837},
month = apr
}

@article{Rizzo:2012p1539,
title = {{A Fringe-Tracking Testbed for BETTII - draft}}
}

@article{Condon:1992cva,
author = {Condon, J J},
title = {{Radio emission from normal galaxies}},
journal = {In: Annual review of astronomy and astrophysics. Vol. 30 (A93-25826 09-90)},
year = {1992},
volume = {30},
number = {1},
pages = {575--611},
month = jan
}

@article{Shao:1977uda,
author = {Shao, M and Staelin, D H},
title = {{Long-baseline optical interferometer for astrometry}},
journal = {Optical Society of America},
year = {1977},
volume = {67},
pages = {81},
month = jan,
annote = {A{\&}amp;AA ID. AAA019.034.075

A{\&}amp;AA ID. AAA019.034.075}
}

@article{Erickson:2011gk,
author = {Erickson, Kristen L and Wilking, Bruce A and Meyer, Michael R and Robinson, John G and Stephenson, Lauren N},
title = {{The Initial Mass Function and Disk Frequency of the $\rho$ Ophiuchi Cloud: An Extinction-limited Sample}},
journal = {The Astronomical Journal},
year = {2011},
volume = {142},
number = {4},
pages = {140},
month = oct
}

@article{1955ZA.....36..222E,
author = {Ebert, R},
title = {{Temperatur des interstellaren Gases bei gro$\beta$en Dichten. Mit 1 Textabbildung}},
journal = {Zeitschrift f{\"u}r Astrophysik},
year = {1955},
volume = {36},
pages = {222--},
month = n/a
}

@article{Whitney:2013cw,
author = {Whitney, B A and Robitaille, T P and Bjorkman, J E and Dong, R and Wolff, M J and Wood, K and Honor, J},
title = {{Three-dimensional Radiation Transfer in Young Stellar Objects}},
journal = {The Astrophysical Journal Supplement},
year = {2013},
volume = {207},
number = {2},
pages = {30},
month = aug
}

@article{Brault:1996bq,
author = {Brault, James W},
title = {{New approach to high-precision Fourier transform spectrometer design}},
journal = {Applied Optics},
year = {1996},
volume = {35},
number = {16},
pages = {2891},
month = jun
}

@article{Mohanty:2013kl,
author = {Mohanty, Subhanjoy and Greaves, Jane and Mortlock, Daniel and Pascucci, Ilaria and Scholz, Aleks and Thompson, Mark and Apai, Daniel and Lodato, Giuseppe and Looper, Dagny},
title = {{Protoplanetary Disk Masses from Stars to Brown Dwarfs}},
journal = {The Astrophysical Journal},
year = {2013},
volume = {773},
number = {2},
pages = {168},
month = aug
}

@article{Bruning:1974cna,
author = {Bruning, J H and Herriott, D R and Gallagher, J E and Rosenfeld, D P and White, A D and Brangaccio, D J},
title = {{Digital wavefront measuring interferometer for testing optical surfaces and lenses.}},
journal = {Appl. Opt.},
year = {1974},
volume = {13},
number = {11},
pages = {2693},
month = jan,
annote = {A{\&}amp;AA ID. AAA012.031.124

A{\&}amp;AA ID. AAA012.031.124}
}

@article{Sellgren:1994ge,
author = {Sellgren, K and Smith, R G and Brooke, T Y},
title = {{The 3.2-3.6 micron spectra of monoceros R2/IRS-3 and Elias 16}},
journal = {Astrophysical Journal},
year = {1994},
volume = {433},
pages = {179--186},
month = sep
}

@article{Bondi:1952fc,
author = {Bondi, H},
title = {{On spherically symmetrical accretion}},
journal = {Monthly Notices of the Royal Astronomical Society},
year = {1952},
volume = {112},
number = {2},
pages = {195--},
month = n/a
}

@article{2007ApJ...665..794V,
author = {Vanderbei, Robert J and Cady, Eric and Kasdin, N Jeremy},
title = {{Optimal Occulter Design for Finding Extrasolar Planets}},
journal = {The Astrophysical Journal},
year = {2007},
volume = {665},
number = {1},
pages = {794--798},
month = aug
}

@article{Greene:2001dg,
author = {Greene, Thomas},
title = {{Protostars}},
journal = {American Scientist},
year = {2001},
volume = {89},
number = {4},
pages = {316--},
month = aug
}

@article{deGroot:1995uqa,
author = {de Groot, Peter J},
title = {{Vibration in phase-shifting interferometry}},
journal = {Journal of the Optical Society of America A: Optics},
year = {1995},
volume = {12},
pages = {354},
month = feb
}

@article{Miskolczi:2001eu,
author = {Miskolczi, B and Tothill, N F H and Mitchell, G F and Matthews, H E},
title = {{Molecular Gas in NGC 7129}},
journal = {The Astrophysical Journal},
year = {2001},
volume = {560},
number = {2},
pages = {841--852},
month = oct
}

@article{1982AJ.....87.1213A,
author = {Anthony-Twarog, B J},
title = {{The H-beta distance scale for B stars - The Orion association}},
journal = {Astronomical Journal},
year = {1982},
volume = {87},
pages = {1213--1222},
month = aug
}

@article{2009AJ....138.1116S,
author = {Sung, Hwankyung and Stauffer, John R and Bessell, Michael S},
title = {{A Spitzer View of the Young Open Cluster NGC 2264}},
journal = {The Astronomical Journal},
year = {2009},
volume = {138},
number = {4},
pages = {1116--1136},
month = oct
}

@article{Gradshteyn:1980uy,
author = {Gradshteyn, I S and Ryzhik, I M},
title = {{Table of integrals, series and products}},
journal = {New York: Academic Press},
year = {1980},
month = jan
}

@article{2008ApJS..179..249D,
author = {Dunham, Michael M and Crapsi, Antonio and Evans, Neal J II and Bourke, Tyler L and Huard, Tracy L and Myers, Philip C and Kauffmann, Jens},
title = {{Identifying the Low-Luminosity Population of Embedded Protostars in the c2d Observations of Clouds and Cores}},
journal = {The Astrophysical Journal Supplement Series},
year = {2008},
volume = {179},
number = {1},
pages = {249--282},
month = nov
}

@article{Peretto:2007fn,
author = {Peretto, N and Hennebelle, P and Andr{\'e}, P},
title = {{Probing the formation of intermediate- to high-mass stars in protoclusters. II. Comparison between millimeter interferometric observations of NGC 2264-C and SPH simulations of a collapsing clump}},
journal = {Astronomy and Astrophysics},
year = {2007},
volume = {464},
number = {3},
pages = {983--994},
month = mar
}

@article{2010A&A...518L...1P,
author = {Pilbratt, G L and Riedinger, J R and Passvogel, T and Crone, G and Doyle, D and Gageur, U and Heras, A M and Jewell, C and Metcalfe, L and Ott, S and Schmidt, M},
title = {{Herschel Space Observatory. An ESA facility for far-infrared and submillimetre astronomy}},
journal = {Astronomy and Astrophysics},
year = {2010},
volume = {518},
pages = {L1},
month = jul
}

@article{Sellgren:1994vz,
author = {Sellgren, K},
title = {{Tiny Grains, Large Molecules, and the Infrared Cirrus}},
journal = {The First Symposium on the Infrared Cirrus and Diffuse Interstellar Clouds. ASP Conference Series},
year = {1994},
volume = {58},
pages = {243--},
month = n/a
}

@article{Mozurkewich:1991hza,
author = {Mozurkewich, D and Johnston, K J and Simon, Richard S and Bowers, P F and Gaume, Ralph and Hutter, D J and Colavita, M M and Shao, M and Pan, X P},
title = {{Angular diameter measurements of stars}},
journal = {Astronomical Journal (ISSN 0004-6256)},
year = {1991},
volume = {101},
pages = {2207},
month = jun
}

@article{2012ApJ...753...70K,
author = {Kamenetzky, J and Glenn, J and Rangwala, N and Maloney, P and Bradford, M and Wilson, C D and Bendo, G J and Baes, M and Boselli, A and Cooray, A and Isaak, K G and Lebouteiller, V and Madden, S and Panuzzo, P and Schirm, M R P and Spinoglio, L and Wu, R},
title = {{Herschel-SPIRE Imaging Spectroscopy of Molecular Gas in M82}},
journal = {The Astrophysical Journal},
year = {2012},
volume = {753},
number = {1},
pages = {70},
month = jul
}

@article{2006ApJ...638..878C,
author = {Curiel, S and Ho, P T P and Patel, N A and Torrelles, J M and Rodriguez, L F and Trinidad, M A and Cant{\'o}, J and Hern{\'a}ndez, L and G{\'o}mez, J F and Garay, G and Anglada, G},
title = {{Large Proper Motions in the Jet of the High-Mass YSO Cepheus A HW2}},
journal = {The Astrophysical Journal},
year = {2006},
volume = {638},
number = {2},
pages = {878--886},
month = feb
}

@article{Trawny:2005va,
author = {Trawny, N and Roumeliotis, S I},
title = {{Indirect Kalman filter for 3D attitude estimation}},
year = {2005}
}

@article{Larson:1967ee,
author = {Larson, R B},
title = {{Dynamics of a Collapsing Protostar}},
journal = {Publications of the Astronomical Society of the Pacific},
year = {1967},
volume = {79},
pages = {434--},
month = oct
}

@article{PortegiesZwart:2010kc,
author = {Portegies Zwart, Simon F and McMillan, Stephen L W and Gieles, Mark},
title = {{Young Massive Star Clusters}},
journal = {Annual Review of Astronomy and Astrophysics},
year = {2010},
volume = {48},
number = {1},
pages = {431--493},
month = sep
}

@article{deKorte:2003km,
author = {de Korte, Piet A J and Beyer, Joern and Deiker, Steve and Hilton, Gene C and Irwin, Kent D and Macintosh, Mike and Nam, Sae Woo and Reintsema, Carl D and Vale, Leila R and Huber, Martin E},
title = {{Time-division superconducting quantum interference device multiplexer for transition-edge sensors}},
journal = {Review of Scientific Instruments},
year = {2003},
volume = {687},
number = {8},
pages = {3807--3815},
month = aug
}

@article{Rauscher:2007gca,
author = {Rauscher, Bernard J and Fox, Ori and Ferruit, Pierre and Hill, Robert J and Waczynski, Augustyn and Wen, Yiting and Xia-Serafino, Wei and Mott, Brent and Alexander, David and Brambora, Clifford K and Derro, Rebecca and Engler, Chuck and Garrison, Matthew B and Johnson, Thomas and Manthripragada, Sridhar S and Marsh, James M and Marshall, Cheryl and Martineau, Robert J and Shakoorzadeh, Kamdin B and Wilson, Donna and Roher, Wayne D and Smith, Miles and Cabelli, Craig and Garnett, James and Loose, Markus and Wong-Anglin, Selmer and Zandian, Majid and Cheng, Edward and Ellis, Timothy and Howe, Bryan and Jurado, Miriam and Lee, Ginn and Nieznanski, John and Wallis, Peter and York, James and Regan, Michael W and Hall, Donald N B and Hodapp, Klaus W and B{\"o}ker, Torsten and De Marchi, Guido and Jakobsen, Peter and Strada, Paolo},
title = {{Detectors for the James Webb Space Telescope Near-Infrared Spectrograph. I. Readout Mode, Noise Model, and Calibration Considerations}},
journal = {The Publications of the Astronomical Society of the Pacific},
year = {2007},
volume = {119},
number = {857},
pages = {768--786},
month = jul
}

@article{Glindemann:2011hk,
author = {Glindemann, Andreas},
title = {{Principles of Stellar Interferometry}},
journal = {Principles of Stellar Interferometry: },
year = {2011},
month = n/a
}

@article{Whelan:2011,
author = {Whelan, David G and Johnson, Kelsey E and Whitney, Barbara A and Indebetouw, R{\'e}my and Wood, Kenneth},
title = {{The Infrared Properties of Embedded Super Star Clusters: Predictions from Three-dimensional Radiative Transfer Models}},
journal = {The Astrophysical Journal},
year = {2011},
volume = {729},
number = {2},
pages = {111},
month = mar
}

@article{Forman:1966wxa,
author = {Forman, Michael L and Steel, W Howard and Vanasse, George A},
title = {{Correction of Asymmetric Interferograms Obtained in Fourier Spectroscopy}},
journal = {Journal of the Optical Society of America},
year = {1966},
volume = {56},
pages = {59},
month = jan
}

@article{2010xmm..prop...94P,
author = {Pillitteri, Ignazio},
title = {{Systematic effects of star-planet interaction}},
journal = {XMM-Newton Proposal ID {\#}06723901},
year = {2010},
pages = {94},
month = oct
}

@article{1999ApJ...525..466L,
author = {Luhman, K L},
title = {{Young Low-Mass Stars and Brown Dwarfs in IC 348}},
journal = {The Astrophysical Journal},
year = {1999},
volume = {525},
number = {1},
pages = {466--481},
month = nov
}

@inproceedings{Gillessen:2010fo,
author = {Gillessen, S and Eisenhauer, F and Perrin, G and Brandner, W and Straubmeier, C and Perraut, K and Amorim, A and Sch{\"o}ller, M and Araujo-Hauck, C and Bartko, H and Baumeister, H and Berger, J-P and Carvas, P and Cassaing, F and Chapron, F and Choquet, E and Clenet, Y and Collin, C and Eckart, A and Fedou, P and Fischer, S and Gendron, E and Genzel, R and Gitton, P and Gonte, F and Gr{\"a}ter, A and Haguenauer, P and Haug, M and Haubois, X and Henning, T and Hippler, S and Hofmann, R and Jocou, L and Kellner, S and Kervella, P and Klein, R and Kudryavtseva, N and Lacour, S and Lapeyrere, V and Laun, W and Lena, P and Lenzen, R and Lima, J and Moratschke, D and Moch, D and Moulin, T and Naranjo, V and Neumann, U and Nolot, A and Paumard, T and Pfuhl, O and Rabien, S and Ramos, J and Rees, J M and Rohloff, R R and Rouan, D and Rousset, G and Sevin, A and Thiel, M and Wagner, K and Wiest, M and Yazici, S and Ziegler, D},
title = {{GRAVITY: a four-telescope beam combiner instrument for the VLTI}},
booktitle = {Proceedings of the SPIE},
year = {2010},
pages = {77340Y--77340Y--20},
organization = {Max-Planck-Institut f{\"u}r extraterrestrische Physik, Germany},
publisher = {SPIE},
month = jul
}

@article{vanderMarel:2015fq,
author = {van der Marel, N and Pinilla, P and Tobin, J and van Kempen, T and Andrews, S and Ricci, L and Birnstiel, T},
title = {{A Concentration of Centimeter-sized Grains in the Ophiuchus IRS 48 Dust Trap}},
journal = {The Astrophysical Journal Letters},
year = {2015},
volume = {810},
number = {1},
pages = {L7},
month = sep
}

@article{Tielens:1991kj,
author = {Tielens, A G G M and Tokunaga, A T and Geballe, T R and Baas, F},
title = {{Interstellar solid CO - Polar and nonpolar interstellar ices}},
journal = {Astrophysical Journal},
year = {1991},
volume = {381},
pages = {181--199},
month = nov
}

@article{Serabyn:1995gh,
author = {Serabyn, E and Weisstein, E W},
title = {{Fourier Transform Spectroscopy of the Orion Molecular Cloud Core}},
journal = {Astrophysical Journal v.451},
year = {1995},
volume = {451},
pages = {238},
month = sep
}

@article{Heyer:2015ee,
author = {Heyer, Mark and Dame, T M},
title = {{Molecular Clouds in the Milky Way}},
journal = {Annual Review of Astronomy and Astrophysics},
year = {2015},
volume = {53},
number = {1},
pages = {583--629},
month = aug
}

@article{DeBuizer:2012ie,
author = {De Buizer, James M and Morris, Mark R and Becklin, E E and Zinnecker, Hans and Herter, Terry L and Adams, Joseph D and Shuping, Ralph Y and Vacca, William D},
title = {{First Science Observations with SOFIA/FORCAST: 6-37 $\mu$m Imaging of Orion BN/KL}},
journal = {The Astrophysical Journal Letters},
year = {2012},
volume = {749},
number = {2},
pages = {L23},
month = apr
}

@article{Glindemann:2000bf,
author = {Glindemann, Andreas and Abuter, Roberto and Carbognani, Franco and Delplancke, Fran{\c c}oise and Derie, Frederic and Gennai, Alberto and Gitton, Philippe B and Kervella, Pierre and Koehler, Bertrand and Leveque, Samuel A and Menardi, Serge and Michel, Alain and Paresce, Francesco and Duc, Than Phan and Richichi, Andrea and Schoeller, Markus and Tarenghi, Massimo and Wallander, Anders and Wilhelm, Rainer},
title = {{The VLT Interferometer: a unique instrument for high-resolution astronomy}},
journal = {Proc. SPIE Vol. 4006},
year = {2000},
volume = {4006},
pages = {2--12},
month = jul
}

@book{Griffiths:2007uu,
author = {Griffiths, Peter R and De Haseth, James A},
title = {{Fourier Transform Infrared Spectrometry}},
publisher = {John Wiley {\&} Sons},
year = {2007},
month = mar
}

@article{Gurvich:1997bo,
author = {Gurvich, A S},
title = {{A heuristic model of three-dimensional spectra of temperature inhomogeneities in the stably stratified atmosphere}},
journal = {Annales Geophysicae},
year = {1997},
volume = {15},
number = {7},
pages = {856--869},
month = jul
}

@article{Koechlin:1996gya,
author = {Koechlin, L and Lawson, Peter R and Mourard, D and Blazit, A and Bonneau, D and Morand, F and Stee, Ph and Tallon-Bosc, I and Vakili, F},
title = {{Dispersed fringe tracking with the multi-ro apertures of the Grand Interferometre a 2 Telescopes}},
journal = {Applied Optics},
year = {1996},
volume = {35},
number = {16},
pages = {3002},
month = jun
}

@article{Bachiller:1995cy,
author = {Bachiller, R and Fuente, A and Tafalla, M},
title = {{An extremely high velocity multipolar outflow around IRAS 20050 + 2720}},
journal = {Astrophysical Journal},
year = {1995},
volume = {445},
pages = {L51--L54},
month = may
}

@article{Lefferts:1982dx,
author = {Lefferts, E J and Markley, F L and Shuster, M D},
title = {{Kalman Filtering for Spacecraft Attitude Estimation}},
journal = {Journal of Guidance},
year = {1982},
volume = {5},
number = {5},
pages = {417--429},
month = sep
}

@article{Whitney:2003ke,
author = {Whitney, Barbara A and Wood, Kenneth and Bjorkman, J E and Wolff, Michael J},
title = {{2-D Radiative Transfer in Protostellar Envelopes: I. Effects of Geometry on Class I Sources}},
journal = {arXiv.org},
year = {2003},
eprint = {astro-ph/0303479v1},
eprinttype = {arxiv},
eprintclass = {astro-ph},
number = {2},
pages = {1049--1063},
month = mar,
annote = {Accepted for publication in ApJ, 37 pages, 13 figures (several figures reduced in quality; find original version at http://gemelli.colorado.edu/{\textasciitilde}bwhitney/preprints.html)}
}

@article{Lawson:2000vf,
author = {Lawson, Peter R},
title = {{Principles of Long Baseline Stellar Interferometry}},
journal = {Principles of Long Baseline Stellar Interferometry. Course notes from the 1999 Michelson Summer School},
year = {2000},
month = n/a,
annote = {JPL Publication 00-009 07/00

JPL Publication 00-009 07/00}
}

@article{Allen:2007wqa,
author = {Allen, L and Megeath, S T and Gutermuth, R and Myers, P C and Wolk, S and Adams, F C and Muzerolle, J and Young, E and Pipher, J L},
title = {{The Structure and Evolution of Young Stellar Clusters}},
journal = {Protostars and Planets V},
year = {2007},
pages = {361},
month = jan
}

@book{Crassidis:2011ud,
author = {Crassidis, John L and Junkins, John L},
title = {{Optimal Estimation of Dynamic Systems, Second Edition}},
publisher = {CRC Press},
year = {2011},
month = oct
}

@article{tenBrummelaar:1997vqa,
author = {ten Brummelaar, T A},
title = {{Correlation measurement and group delay tracking in optical stellar interferometry with a noisy detector}},
journal = {Monthly Notices of the Royal Astronomical Society},
year = {1997},
volume = {285},
pages = {135},
month = feb
}

@article{Chim:1991doa,
author = {Chim, Stanley S C and Kino, Gordon S},
title = {{Phase measurements using the Mirau correlation microscope}},
journal = {Applied Optics},
year = {1991},
volume = {30},
number = {16},
pages = {2197},
month = jun
}

@article{Palla:1991up,
author = {Palla, F and Brand, J and Comoretto, G and Felli, M and Cesaroni, R},
title = {{Water masers associated with dense molecular clouds and ultracompact H II regions}},
journal = {Astronomy and Astrophysics (ISSN 0004-6361)},
year = {1991},
volume = {246},
pages = {249--263},
month = jun
}

@article{2015MNRAS.450.3559N,
author = {Najita, Joan R and Andrews, Sean M and Muzerolle, James},
title = {{Demographics of transition discs in Ophiuchus and Taurus}},
journal = {Monthly Notices of the Royal Astronomical Society},
year = {2015},
volume = {450},
number = {4},
pages = {3559--3567},
month = jul
}

@article{Bastian:2010uaa,
author = {Bastian, Nate},
title = {{A Universal Stellar Initial Mass Function? A critical look at variations in extreme environments}},
journal = {From Stars to Galaxies: Connecting our Understanding of Star and Galaxy Formation},
year = {2010},
pages = {128},
month = apr
}

@article{Pedretti:2004ti,
author = {Pedretti, Ettore and Thureau, Nathalie D and Wilson, Edward and Traub, Wesley A and Monnier, John D and Ragland, Sam and Carleton, Nathaniel P and Millan-Gabet, Rafael and Schloerb, F Peter and Brewer, Michael K and Berger, Jean-Philippe and Lacasse, Marc G},
title = {{Fringe tracking at the IOTA interferometer}},
journal = {New Frontiers in Stellar Interferometry},
year = {2004},
volume = {5491},
pages = {540},
month = oct
}

@book{Wertz:2012iu,
author = {Wertz, James R},
editor = {Wertz, James R},
title = {{Spacecraft Attitude Determination and Control}},
publisher = {Springer Science {\&} Business Media},
year = {2012},
volume = {73},
series = {Astrophysics and Space Science Library},
address = {Dordrecht},
month = dec
}

@article{1984ApJ...276..204H,
author = {Hughes, V A and Wouterloot, J G A},
title = {{The star-forming region in Cepheus A}},
journal = {The Astrophysical Journal},
year = {1984},
volume = {276},
pages = {204--210},
month = jan
}

@article{Bouwens:2009ika,
author = {Bouwens, R J and Illingworth, G D and Franx, M and Chary, R-R and Meurer, G R and Conselice, C J and Ford, H and Giavalisco, M and van Dokkum, P},
title = {{UV Continuum Slope and Dust Obscuration from z {\textasciitilde} 6 to z {\textasciitilde} 2: The Star Formation Rate Density at High Redshift}},
journal = {The Astrophysical Journal},
year = {2009},
volume = {705},
number = {1},
pages = {936--961},
month = nov
}

@article{1996ApJ...456..292N,
author = {Najita, Joan and Carr, John S and Tokunaga, Alan T},
title = {{High-Resolution Spectroscopy of BR gamma Emission in Young Stellar Objects}},
journal = {Astrophysical Journal v.456},
year = {1996},
volume = {456},
pages = {292},
month = jan
}

@article{2014AAS...22314805V,
author = {Veach, Todd and Mentzell, E and Rinehart, S and Fixsen, D J and Rizzo, M and Benford, D J and Dhabal, A},
title = {{The Balloon Experimental Twin Telescope for Infrared Interferometry (BETTII): Optical Design}},
journal = {American Astronomical Society},
year = {2014},
volume = {223},
month = jan
}

@article{2014prpl.conf..149T,
author = {Tan, J C and Beltr{\'a}n, M T and Caselli, P and Fontani, F and Fuente, A and Krumholz, M R and McKee, C F and Stolte, A},
title = {{Massive Star Formation}},
journal = {Protostars and Planets VI},
year = {2014},
pages = {149--172},
month = n/a
}

@article{Najita:1996gp,
author = {Najita, Joan and Carr, John S and Glassgold, Alfred E and Shu, Frank H and Tokunaga, Alan T},
title = {{Kinematic Diagnostics of Disks around Young Stars: CO Overtone Emission from WL 16 and 1548C27}},
journal = {Astrophysical Journal v.462},
year = {1996},
volume = {462},
pages = {919},
month = may
}

@inproceedings{2014SPIE.9146E..2HV,
author = {Veach, Todd J and Rinehart, Stephen A and Mentzell, John E and Silverberg, Robert F and Fixsen, Dale J and Rizzo, Maxime J and Dhabal, Arnab and Gibbons, Caitlin E and Benford, Dominic J},
title = {{The balloon experimental twin telescope for infrared interferometry (BETTII): optical design}},
booktitle = {Proceedings of the SPIE},
year = {2014},
editor = {Rajagopal, Jayadev K and Creech-Eakman, Michelle J and Malbet, Fabien},
pages = {91462H--91462H--12},
organization = {NASA Goddard Space Flight Ctr. (United States)},
publisher = {International Society for Optics and Photonics},
month = jul,
annote = {ISBN: 9780819496140}
}

@article{2005A&A...438..571F,
author = {Furuya, Ray S and Kitamura, Yoshimi and Wootten, Alwyn and Claussen, Mark J and Kawabe, Ryohei},
title = {{Proper Motion of H2O Masers in IRAS 20050+2720 MMS1: An AU Scale Jet Associated with An Intermediate-Mass Class 0 Source}},
journal = {arXiv.org},
year = {2005},
eprint = {astro-ph/0504041v1},
eprinttype = {arxiv},
eprintclass = {astro-ph},
number = {2},
pages = {571--583},
month = apr,
annote = {14 pages, 10 figures, Fig.3 was downsized significantly. accepted for
  publication in A{\&}A}
}

@article{Burrows:1999gda,
author = {Burrows, Adam and Sharp, C M},
title = {{Chemical Equilibrium Abundances in Brown Dwarf and Extrasolar Giant Planet Atmospheres}},
journal = {The Astrophysical Journal},
year = {1999},
volume = {512},
number = {2},
pages = {843--863},
month = feb
}

@article{Drabek:2012ku,
author = {Drabek, E and Hatchell, J and Friberg, P and Richer, J and Graves, S and Buckle, J V and Nutter, D and Johnstone, D and Di Francesco, J},
title = {{Molecular line contamination in the SCUBA-2 450 and 850 $\mu$m continuum data}},
journal = {Monthly Notices of the Royal Astronomical Society},
year = {2012},
volume = {426},
number = {1},
pages = {23--39},
month = oct
}

@article{Weingartner:2001du,
author = {Weingartner, Joseph C and Draine, B T},
title = {{Dust Grain-Size Distributions and Extinction in the Milky Way, Large Magellanic Cloud, and Small Magellanic Cloud}},
journal = {The Astrophysical Journal},
year = {2001},
volume = {548},
number = {1},
pages = {296--309},
month = feb
}

@article{Gutermuth:2011he,
author = {Gutermuth, R A and Pipher, J L and Megeath, S T and Myers, P C and Allen, L E and Allen, T S},
title = {{A Correlation between Surface Densities of Young Stellar Objects and Gas in Eight Nearby Molecular Clouds}},
journal = {The Astrophysical Journal},
year = {2011},
volume = {739},
number = {2},
pages = {84},
month = oct
}

@article{Dunlop:2011cb,
author = {Dunlop, James S},
title = {{The Cosmic History of Star Formation}},
journal = {Science},
year = {2011},
volume = {333},
number = {6039},
pages = {178--181},
month = jul,
annote = {(c) 2011: Science

(c) 2011: Science}
}

@article{2012SPIE.8442E..0EM,
author = {Mendillo, Christopher B and Hicks, Brian A and Cook, Timothy A and Bifano, Thomas G and Content, David A and Lane, Benjamin F and Levine, B Martin and Rabin, Douglas and Rao, Shanti R and Samuele, Rocco and Schmidtlin, Edouard and Shao, Michael and Wallace, J Kent and Chakrabarti, Supriya},
title = {{PICTURE: a sounding rocket experiment for direct imaging of an extrasolar planetary environment}},
journal = {Space Telescopes and Instrumentation 2012: Optical},
year = {2012},
volume = {8442},
pages = {84420E},
month = sep,
annote = {ISBN: 9780819491435}
}

@article{Colavita:2010ce,
author = {Colavita, M M and Booth, A J and Garcia-Gathright, J I and Vasisht, G and Johnson, R L and Summers, K R},
title = {{Fringe Measurement and Control for the Keck Interferometer}},
journal = {Publications of the Astronomical Society of the Pacific},
year = {2010},
volume = {122},
number = {893},
pages = {795--807},
month = jul,
annote = {(c) year: {\textcopyright} 2010. The Astronomical Society of the Pacific. All rights reserved. Printed in U.S.A.

(c) year: {\textcopyright} 2010. The Astronomical Society of the Pacific. All rights reserved. Printed in U.S.A.}
}

@article{Pedretti:2009hia,
author = {Pedretti, Ettore and Monnier, John D and Brummelaar, Theo Ten and Thureau, Nathalie D},
title = {{Imaging with the CHARA interferometer}},
journal = {New Astronomy Reviews},
year = {2009},
volume = {53},
number = {11-12},
pages = {353--362},
month = nov,
annote = {Elsevier B.V.

Elsevier B.V.}
}

@article{Heavens:2004kxa,
author = {Heavens, Alan and Panter, Benjamin and Jimenez, Raul and Dunlop, James},
title = {{The star-formation history of the Universe from the stellar populations of nearby galaxies}},
journal = {Nature},
year = {2004},
volume = {428},
number = {6983},
pages = {625--627},
month = apr
}

@article{1992ApJ...397..613H,
author = {Hillenbrand, Lynne A and Strom, Stephen E and Vrba, Frederick J and Keene, Jocelyn},
title = {{Herbig Ae/Be stars - Intermediate-mass stars surrounded by massive circumstellar accretion disks}},
journal = {Astrophysical Journal},
year = {1992},
volume = {397},
pages = {613--643},
month = oct
}

@article{2009A&A...506..927L,
author = {Lagrange, A M and Kasper, M and Boccaletti, A and Chauvin, G and Gratadour, D and Fusco, T and Ehrenreich, D and Apai, D and Mouillet, D and Rouan, D},
title = {{Constraining the orbit of the possible companion to $\beta$ Pictoris. New deep imaging observations}},
journal = {Astronomy and Astrophysics},
year = {2009},
volume = {506},
number = {2},
pages = {927--934},
month = nov
}

@article{2005Natur.437..109P,
author = {Patel, N A and Curiel, S and Sridharan, T K and Zhang, Q and Hunter, T R and Ho, P T P and Torrelles, J M and Moran, J M and G{\'o}mez, J F and Anglada, G},
title = {{A disk of dust and molecular gas around a high-mass protostar}},
journal = {Nature},
year = {2005},
volume = {437},
number = {7055},
pages = {109--111},
month = sep
}

@article{2014AAS...22332502W,
author = {Wilkins, Ashlee N and Roberge, A and Rizzo, M and Nesvold, E and Stark, C C and McElwain, M W and Kuchner, M J and Robinson, T D and Meadows, V and Straughn, A and Turnbull, M C},
title = {{Finding the Needle in the Haystack: A High-Fidelity Model of the Solar System for Simulating Exoplanet Observations}},
journal = {American Astronomical Society},
year = {2014},
volume = {223},
month = jan
}

@article{2006ApJ...647L...9F,
author = {Frayer, D T and Huynh, M T and Chary, R and Dickinson, M and Elbaz, D and Fadda, D and Surace, J A and Teplitz, H I and Yan, L and Mobasher, B},
title = {{Spitzer 70-micron Source Counts in GOODS-North}},
journal = {arXiv.org},
year = {2006},
eprint = {astro-ph/0606676v1},
eprinttype = {arxiv},
eprintclass = {astro-ph},
number = {1},
pages = {L9--L12},
month = jun,
annote = {6 pages including 2 figures and 1 table. Accepted ApJ Letters}
}

@article{Salpeter:1955hza,
author = {Salpeter, Edwin E},
title = {{The Luminosity Function and Stellar Evolution.}},
journal = {Astrophysical Journal},
year = {1955},
volume = {121},
pages = {161},
month = jan
}

@article{Gutermuth:2009gca,
author = {Gutermuth, R A and Megeath, S T and Myers, P C and Allen, L E and Pipher, J L and Fazio, G G},
title = {{A Spitzer Survey of Young Stellar Clusters Within One Kiloparsec of the Sun: Cluster Core Extraction and Basic Structural Analysis}},
journal = {The Astrophysical Journal Supplement},
year = {2009},
volume = {184},
number = {1},
pages = {18--83},
month = sep
}

@article{Oliveira:2009era,
author = {Oliveira, Isa and Mer{\'\i}n, Bruno and Pontoppidan, Klaus M and van Dishoeck, Ewine F and Overzier, Roderik A and Hern{\'a}ndez, Jes{\'u}s and Sicilia-Aguilar, Aurora and Eiroa, Carlos and Montesinos, Benjamin},
title = {{Optical Characterization of A New Young Stellar Population in the Serpens Molecular Cloud}},
journal = {The Astrophysical Journal},
year = {2009},
volume = {691},
number = {1},
pages = {672--686},
month = jan
}

@article{Saruwatari:2011kk,
author = {Saruwatari, Osamu and Sakai, Nami and Liu, Sheng-Yuan and Su, Yu-Nung and Sakai, Takeshi and Yamamoto, Satoshi},
title = {{Compact Molecular Outflow From NGC 2264 CMM3: A Candidate for Very Young High-mass Protostar}},
journal = {The Astrophysical Journal},
year = {2011},
volume = {729},
number = {2},
pages = {147},
month = mar
}

@article{2014MNRAS.443..398L,
author = {Loison, Jean-Christophe and Wakelam, Valentine and Hickson, Kevin M},
title = {{The interstellar gas-phase chemistry of HCN and HNC}},
journal = {Monthly Notices of the Royal Astronomical Society},
year = {2014},
volume = {443},
number = {1},
pages = {398--410},
month = sep
}

@article{Fuente:2005jh,
author = {Fuente, A and Neri, R and Caselli, P},
title = {{Detection of a hot core in the intermediate-mass Class 0 protostar NGC 7129-FIRS 2}},
journal = {Astronomy and Astrophysics},
year = {2005},
volume = {444},
number = {2},
pages = {481--493},
month = dec
}

@article{Hibino:1997eta,
author = {Hibino, Kenichi},
title = {{Susceptibility of systematic error-compensating algorithms to random noise in phase-shifting interferometry}},
journal = {Applied Optics},
year = {1997},
volume = {36},
number = {10},
pages = {2084},
month = apr
}

@article{Sromovsky:2003in,
author = {Sromovsky, Lawrence A},
title = {{Radiometric Errors in Complex Fourier Transform Spectrometry}},
journal = {Applied Optics OT},
year = {2003},
volume = {42},
number = {10},
pages = {1779},
month = apr
}

@article{2004AJ....127.1069R,
author = {Reipurth, B and Yu, K C and Moriarty-Schieven, G and Bally, J and Aspin, C and Heathcote, S},
title = {{Deep Imaging Surveys of Star-forming Clouds. I. New Herbig-Haro Flows in NGC 2264}},
journal = {The Astronomical Journal},
year = {2004},
volume = {127},
number = {2},
pages = {1069--1080},
month = feb
}

@article{Christou:2006jxa,
author = {Christou, Julian C and Mighell, Kenneth J and Makidon, Russell B},
title = {{Strehl ratio and image sharpness for adaptive optics}},
journal = {Advances in Adaptive Optics II. Edited by Ellerbroek},
year = {2006},
volume = {6272},
pages = {59--62721Y--12},
month = jul
}

@article{ElBadaoui:2014fr,
author = {El Badaoui, Noad and Morbieu, Bertrand and Martin, Philippe and Rouchon, Pierre and Pocholle, Jean-Paul and Gutty, Fran{\c c}ois and Feugnet, Gilles and Schwartz, Sylvain},
title = {{Towards a solid-state ring laser gyroscope}},
journal = {Comptes Rendus Physique},
year = {2014},
volume = {15},
number = {10},
pages = {841--850},
month = dec
}

@article{2004A&A...417..159D,
author = {Dullemond, C P and Dominik, C},
title = {{Flaring vs. self-shadowed disks: The SEDs of Herbig Ae/Be stars}},
journal = {Astronomy and Astrophysics},
year = {2004},
volume = {417},
number = {1},
pages = {159--168},
month = apr
}

@article{Fuente:2012dx,
author = {Fuente, A and Caselli, P and McCoey, C and Cernicharo, J and Johnstone, D and Fich, M and van Kempen, T and van Dishoeck, E and Y{\i}ld{\i}z, U and Visser, R and Kristensen, L and Alonso-Albi, T and Herpin, F and Tisi, S},
title = {{The abundance of C18O and HDO in the envelope and hot core of the intermediate mass protostar NGC 7129 FIRS 2}},
journal = {Astronomy and Astrophysics},
year = {2012},
volume = {540},
pages = {75},
month = apr
}

@article{Turyshev:2003kha,
author = {Turyshev, Slava G},
title = {{Analytical Modeling of the White-Light Fringe}},
journal = {Applied Optics OT},
year = {2003},
volume = {42},
number = {1},
pages = {71},
month = jan
}

@article{Pattle:2015bq,
author = {Pattle, K and Ward-Thompson, D and Kirk, J M and White, G J and Drabek-Maunder, E and Buckle, J and Beaulieu, S F and Berry, D S and Broekhoven-Fiene, H and Currie, M J and Fich, M and Hatchell, J and Kirk, H and Jenness, T and Johnstone, D and Mottram, J C and Nutter, D and Pineda, J E and Quinn, C and Salji, C and Tisi, S and Walker-Smith, S and Francesco, J Di and Hogerheijde, M R and Andr{\'e}, Ph and Bastien, P and Bresnahan, D and Butner, H and Chen, M and Chrysostomou, A and Coude, S and Davis, C J and Duarte-Cabral, A and Fiege, J and Friberg, P and Friesen, R and Fuller, G A and Graves, S and Greaves, J and Gregson, J and Griffin, M J and Holland, W and Joncas, G and Knee, L B G and K{\"o}nyves, V and Mairs, S and Marsh, K and Matthews, B C and Moriarty-Schieven, G and Rawlings, J and Richer, J and Robertson, D and Rosolowsky, E and Rumble, D and Sadavoy, S and Spinoglio, L and Thomas, H and Tothill, N and Viti, S and Wouterloot, J and Yates, J and Zhu, M},
title = {{The JCMT Gould Belt Survey: first results from the SCUBA-2 observations of the Ophiuchus molecular cloud and a virial analysis of its prestellar core population}},
journal = {Monthly Notices of the Royal Astronomical Society},
year = {2015},
volume = {450},
number = {1},
pages = {1094--1122},
month = jun
}

@article{2007ApJ...671.1800A,
author = {Andrews, Sean M and Williams, Jonathan P},
title = {{A Submillimeter View of Circumstellar Dust Disks in $\rho$ Ophiuchi}},
journal = {The Astrophysical Journal},
year = {2007},
volume = {671},
number = {2},
pages = {1800--1812},
month = dec
}

@article{2010Sci...329...57L,
author = {Lagrange, A M and Bonnefoy, M and Chauvin, G and Apai, D and Ehrenreich, D and Boccaletti, A and Gratadour, D and Rouan, D and Mouillet, D and Lacour, S and Kasper, M},
title = {{A Giant Planet Imaged in the Disk of the Young Star $\beta$ Pictoris}},
journal = {Science},
year = {2010},
volume = {329},
number = {5},
pages = {57--59},
month = jul
}

@article{Dunham:2010bx,
author = {Dunham, Michael M and Evans, Neal J and Terebey, Susan and Dullemond, Cornelis P and Young, Chadwick H},
title = {{Evolutionary Signatures in the Formation of Low-Mass Protostars. II. Toward Reconciling Models and Observations}},
journal = {The Astrophysical Journal},
year = {2010},
volume = {710},
number = {1},
pages = {470--502},
month = feb
}

@article{Brault:1985tr,
author = {Brault, J W},
title = {{Fourier transform spectrometry.}},
journal = {High resolution in astronomy},
year = {1985},
pages = {1},
month = jan
}

@article{1991MNRAS.248..754P,
author = {Pringle, J E},
title = {{The properties of external accretion discs}},
journal = {Monthly Notices of the Royal Astronomical Society (ISSN 0035-8711)},
year = {1991},
volume = {248},
number = {4},
pages = {754--759},
month = feb
}

@article{2013AJ....145...94D,
author = {Dunham, Michael M and Arce, Hector G and Allen, Lori E and Evans, Neal J II and Broekhoven-Fiene, Hannah and Chapman, Nicholas L and Cieza, Lucas A and Gutermuth, Robert A and Harvey, Paul M and Hatchell, Jennifer and Huard, Tracy L and Kirk, Jason M and Matthews, Brenda C and Mer{\'\i}n, Bruno and Miller, Jennifer F and Peterson, Dawn E and Spezzi, Loredana},
title = {{The Luminosities of Protostars in the Spitzer c2d and Gould Belt Legacy Clouds}},
journal = {The Astronomical Journal},
year = {2013},
volume = {145},
number = {4},
pages = {94},
month = apr
}

@article{Walbot:2009ek,
author = {Walbot, Virginia},
title = {{Are we training pit bulls to review our manuscripts?}},
journal = {Journal of Biology},
year = {2009},
volume = {8},
number = {3},
pages = {24}
}

@article{Henyey:1941gt,
author = {Henyey, L G and Greenstein, J L},
title = {{Diffuse radiation in the Galaxy}},
journal = {Astrophysical Journal},
year = {1941},
volume = {93},
pages = {70--83},
month = jan
}

@article{Natta:1995vw,
author = {Natta, A and Kruegel, E},
title = {{PAH emission from Herbig Ae/Be and T Tauri stars.}},
journal = {Astronomy and Astrophysics},
year = {1995},
volume = {302},
pages = {849},
month = oct
}

@article{Elias:2007jsa,
author = {Elias, Nicholas M and Harwit, Martin and Leisawitz, David and Rinehart, Stephen A},
title = {{The Mathematics of Double-Fourier Interferometers}},
journal = {The Astrophysical Journal},
year = {2007},
volume = {657},
number = {2},
pages = {1178--1200},
month = mar
}

@article{Michelson:1887wc,
author = {Michelson, Albert A and Morley, Edward W},
title = {{On the Relative Motion of the Earth and of the Luminiferous Ether}},
journal = {Sidereal Messenger},
year = {1887},
volume = {6},
pages = {306--310},
month = nov
}

@article{Molinari:1996td,
author = {Molinari, S and Brand, J and Cesaroni, R and Palla, F},
title = {{A search for precursors of ultracompact HII regions in a sample of luminous IRAS sources. I. Association with ammonia cores.}},
journal = {Astronomy and Astrophysics},
year = {1996},
volume = {308},
pages = {573--587},
month = apr
}

@article{Shi:2004ija,
author = {Shi, Fang and Chanan, Gary and Ohara, Catherine and Troy, Mitchell and Redding, David C},
title = {{Experimental Verification of Dispersed Fringe Sensing as a Segment Phasing Technique using the Keck Telescope}},
journal = {Applied Optics IP},
year = {2004},
volume = {43},
number = {23},
pages = {4474},
month = aug
}

@article{Panter:2007gba,
author = {Panter, Benjamin and Jimenez, Raul and Heavens, Alan F and Charlot, St{\'e}phane},
title = {{The star formation histories of galaxies in the Sloan Digital Sky Survey}},
journal = {Monthly Notices of the Royal Astronomical Society},
year = {2007},
volume = {378},
number = {4},
pages = {1550--1564},
month = jul
}

@article{2012AJ....144..116S,
author = {Shuping, R Y and Vacca, William D and Kassis, Marc and Yu, Ka Chun},
title = {{Spectral Classification of the Brightest Objects in the Galactic Star-forming Region W40}},
journal = {The Astronomical Journal},
year = {2012},
volume = {144},
number = {4},
pages = {116},
month = oct
}

@article{Chim:1992fha,
author = {Chim, Stanley S C and Kino, Gordon S},
title = {{Three-dimensional image realization in interference microscopy}},
journal = {Applied Optics},
year = {1992},
volume = {31},
number = {14},
pages = {2550},
month = may
}

@article{2010AJ....140.1868W,
author = {Wright, Edward L and Eisenhardt, Peter R M and Mainzer, Amy K and Ressler, Michael E and Cutri, Roc M and Jarrett, Thomas and Kirkpatrick, J Davy and Padgett, Deborah and McMillan, Robert S and Skrutskie, Michael and Stanford, S A and Cohen, Martin and Walker, Russell G and Mather, John C and Leisawitz, David and Gautier, Thomas N III and McLean, Ian and Benford, Dominic and Lonsdale, Carol J and Blain, Andrew and Mendez, Bryan and Irace, William R and Duval, Valerie and Liu, Fengchuan and Royer, Don and Heinrichsen, Ingolf and Howard, Joan and Shannon, Mark and Kendall, Martha and Walsh, Amy L and Larsen, Mark and Cardon, Joel G and Schick, Scott and Schwalm, Mark and Abid, Mohamed and Fabinsky, Beth and Naes, Larry and Tsai, Chao-Wei},
title = {{The Wide-field Infrared Survey Explorer (WISE): Mission Description and Initial On-orbit Performance}},
journal = {The Astronomical Journal},
year = {2010},
volume = {140},
number = {6},
pages = {1868--1881},
month = dec
}

@article{Wilking:2008wq,
author = {Wilking, B A and Gagn{\'e}, M and Allen, L E},
title = {{Star Formation in the $\rho$ Ophiuchi Molecular Cloud}},
journal = {Handbook of Star Forming Regions},
year = {2008},
pages = {351},
month = dec
}

@article{Bracco:2011gw,
author = {Bracco, A and Cooray, A and Veneziani, M and Amblard, A and Serra, P and Wardlow, J and Thompson, M A and White, G and Auld, R and Baes, M and Bertoldi, F and Buttiglione, S and Cava, A and Clements, D L and Dariush, A and de Zotti, G and Dunne, L and Dye, S and Eales, S and Fritz, J and Gomez, H and Hopwood, R and Ibar, I and Ivison, R J and Jarvis, M and Lagache, G and Lee, M G and Leeuw, L and Maddox, S and Micha{\l}owski, M and Pearson, C and Pohlen, M and Rigby, E and Rodighiero, G and Smith, D J B and Temi, P and Vaccari, M and van der Werf, P},
title = {{Herschel-ATLAS: statistical properties of Galactic cirrus in the GAMA-9 Hour Science Demonstration Phase Field}},
journal = {Monthly Notices of the Royal Astronomical Society},
year = {2011},
volume = {412},
number = {2},
pages = {1151--1161},
month = apr
}

@article{Mathis:1990jk,
author = {Mathis, John S},
title = {{Interstellar dust and extinction}},
journal = {IN: Annual review of astronomy and astrophysics. Vol. 28 (A91-28201 10-90). Palo Alto},
year = {1990},
volume = {28},
number = {1},
pages = {37--70},
month = n/a
}

@article{Gunther:2012dq,
author = {G{\"u}nther, H M and Wolk, S J and Spitzbart, B and Gutermuth, R A and Forbrich, J and Wright, N J and Allen, L and Bourke, T L and Megeath, S T and Pipher, J L},
title = {{IRAS 20050+2720: Anatomy of a Young Stellar Cluster}},
journal = {The Astronomical Journal},
year = {2012},
volume = {144},
number = {4},
pages = {101},
month = oct
}

@article{Fixsen:1994cs,
author = {Fixsen, D J and Cheng, E S and Cottingham, D A and Eplee, R E and Hewagama, T and Isaacman, R B and Jensen, K A and Mather, J C and Massa, D L and Meyer, S S and Noerdlinger, P D and Read, S M and Rosen, L P and Shafer, R A and Trenholme, A R and Weiss, R and Bennett, C L and Boggess, N W and Wilkinson, D T and Wright, E L},
title = {{Calibration of the COBE FIRAS instrument}},
journal = {The Astrophysical Journal},
year = {1994},
volume = {420},
pages = {457},
month = jan
}

@article{Chen:2012bl,
author = {Chen, Che-Yu and Ostriker, Eve C},
title = {{Ambipolar Diffusion in Action: Transient C Shock Structure and Prestellar Core Formation}},
journal = {The Astrophysical Journal},
year = {2012},
volume = {744},
number = {2},
pages = {124},
month = jan
}

@article{2009ApJ...707..543S,
author = {Stark, Christopher C and Kuchner, Marc J},
title = {{A New Algorithm for Self-consistent Three-dimensional Modeling of Collisions in Dusty Debris Disks}},
journal = {The Astrophysical Journal},
year = {2009},
volume = {707},
number = {1},
pages = {543--553},
month = dec
}

@article{1998ApJ...492L.177T,
author = {Thompson, R I and Corbin, M R and Young, E and Schneider, G},
title = {{NGC 2264 IRS: Evidence for Triggered Star Formation}},
journal = {The Astrophysical Journal},
year = {1998},
volume = {492},
number = {2},
pages = {L177--L179},
month = jan
}

@article{Petsko:2007kg,
author = {Petsko, Gregory A},
title = {{A day in the life of a genome biologist in the not-too-distant future}},
journal = {Genome Biology},
year = {2007},
volume = {8},
number = {3},
pages = {104},
annote = {Indeed not-to-distant future: 
"6:15 pm to 7 pm.packed up to go home. Waited 45 minutes for shuttle bus to parking lot. while waiting, checked latest news on iPhone."}
}

@article{Andersen:2006gr,
author = {Andersen, M and Meyer, M R and Oppenheimer, B and Dougados, C and Carpenter, J},
title = {{NICMOS2 Hubble Space Telescope Observations of the Embedded Cluster Associated with Mon R2: Constraining the Substellar Initial Mass Function}},
journal = {The Astronomical Journal},
year = {2006},
volume = {132},
number = {6},
pages = {2296--2308},
month = dec
}

@article{Basden:2005iba,
author = {Basden, A G and Buscher, D F},
title = {{Improvements for group delay fringe tracking}},
journal = {Monthly Notices of the Royal Astronomical Society},
year = {2005},
volume = {357},
number = {2},
pages = {656--668},
month = feb
}

@article{Font:2001ku,
author = {Font, Andreea S and Mitchell, George F and Sandell, G{\"o}ran},
title = {{A Submillimeter Study of the Star-forming Region NGC 7129}},
journal = {The Astrophysical Journal},
year = {2001},
volume = {555},
number = {2},
pages = {950--960},
month = jul
}

@article{Myers:2009fv,
author = {Myers, Philip C},
title = {{On the Distribution of Protostar Masses}},
journal = {The Astrophysical Journal},
year = {2009},
volume = {706},
number = {2},
pages = {1341--1352},
month = dec
}

@article{Fan:1988vs,
author = {Fan, S F and Xu, X C},
title = {{A New Method for Interferogram Correction in FTS}},
journal = {Recent Aspects of Fourier Transform Spectroscopy},
year = {1988},
volume = {1},
pages = {65},
month = jan
}

@article{Press:1992vya,
author = {Press, William H and Teukolsky, Saul A and Vetterling, William T and Flannery, Brian P},
title = {{Numerical recipes in C. The art of scientific computing}},
journal = {Cambridge: University Press},
year = {1992}
}

@article{Bachiller:1996ja,
author = {Bachiller, Rafael},
title = {{Bipolar Molecular Outflows from Young Stars and Protostars}},
journal = {Annual Review of Astronomy and Astrophysics},
year = {1996},
volume = {34},
number = {1},
pages = {111--154},
month = n/a
}

@article{Girart:1999ds,
author = {Girart, Jos{\'e} M and Ho, Paul T P and Rudolph, Alexander L and Estalella, Robert and Wilner, David J and Chernin, Lawrence M},
title = {{The HCO^+ Molecular Outflow in NGC 2071}},
journal = {The Astrophysical Journal},
year = {1999},
volume = {522},
number = {2},
pages = {921--934},
month = sep
}

@article{Bell:2003hsa,
author = {Bell, Eric F and McIntosh, Daniel H and Katz, Neal and Weinberg, Martin D},
title = {{The Optical and Near-Infrared Properties of Galaxies. I. Luminosity and Stellar Mass Functions}},
journal = {The Astrophysical Journal Supplement Series},
year = {2003},
volume = {149},
number = {2},
pages = {289--312},
month = dec
}

@article{Lyon:1997gka,
author = {Lyon, R G and Hollis, J M and Dorband, J E},
title = {{A Maximum Entropy Method with a Priori Maximum Likelihood Constraints}},
journal = {Astrophysical Journal v.478},
year = {1997},
volume = {478},
number = {2},
pages = {658--662},
month = mar
}

@article{Gutermuth:2005hx,
author = {Gutermuth, Robert A and Megeath, S Thomas and Pipher, Judith L and Williams, Jonathan P and Allen, Lori E and Myers, Philip C and Raines, S Nicholas},
title = {{The Initial Configuration of Young Stellar Clusters: A K-Band Number Counts Analysis of the Surface Density of Stars}},
journal = {The Astrophysical Journal},
year = {2005},
volume = {632},
number = {1},
pages = {397--420},
month = oct
}

@article{2015ApJ...803...31P,
author = {Pueyo, L and Soummer, R and Hoffmann, J and Oppenheimer, R and Graham, J R and Zimmerman, N and Zhai, C and Wallace, J K and Vescelus, F and Veicht, A and Vasisht, G and Truong, T and Sivaramakrishnan, A and Shao, M and Roberts, L C Jr and Roberts, J E and Rice, E and Parry, I R and Nilsson, R and Lockhart, T and Ligon, E R and King, D and Hinkley, S and Hillenbrand, L and Hale, D and Dekany, R and Crepp, J R and Cady, E and Burruss, R and Brenner, D and Beichman, C and Baranec, C},
title = {{Reconnaissance of the HR 8799 Exosolar System. II. Astrometry and Orbital Motion}},
journal = {The Astrophysical Journal},
year = {2015},
volume = {803},
number = {1},
pages = {31},
month = apr
}

@article{McClure:2008jn,
author = {McClure, M K},
title = {{Observational 5-20$\mu$m Interstellar Extinction Curves Toward Star-Forming Regions Derived from Spitzer IRS Spectra}},
journal = {arXiv.org},
year = {2008},
eprint = {0810.4561v2},
eprinttype = {arxiv},
eprintclass = {astro-ph},
number = {2},
pages = {L81--L85},
month = oct,
annote = {Submitted to ApJ Letters, 5 pages, 4 figures, 1 table. Revised version published in ApJ Letters, with 5 pages, 3 figures, and 2 tables. Empirical extinction curves are available as online-only from ApJ}
}

@article{1990ApJ...364..164B,
author = {Butner, Harold M and Evans, Neal J II and Harvey, Paul M and Mundy, Lee G and Natta, Antonella and Randich, Maria Sofia},
title = {{High-resolution, far-infrared observations of NGC 2071}},
journal = {Astrophysical Journal},
year = {1990},
volume = {364},
pages = {164--172},
month = nov
}

@book{Markley:2014dn,
author = {Markley, F Landis and Crassidis, John L},
title = {{Fundamentals of Spacecraft Attitude Determination and Control}},
publisher = {Springer},
year = {2014},
address = {New York, NY},
month = may
}

@article{1994ApJ...420..837A,
author = {Andr{\'e}, Philippe and Montmerle, Thierry},
title = {{From T Tauri stars to protostars: Circumstellar material and young stellar objects in the rho Ophiuchi cloud}},
journal = {The Astrophysical Journal},
year = {1994},
volume = {420},
pages = {837--862},
month = jan
}

@article{1976MNRAS.175..613S,
author = {Shakura, N I and Sunyaev, R A},
title = {{A theory of the instability of disk accretion on to black holes and the variability of binary X-ray sources, galactic nuclei and quasars}},
journal = {Monthly Notices of the Royal Astronomical Society},
year = {1976},
volume = {175},
number = {3},
pages = {613--632},
month = jun
}

@article{2011ApJ...735...82M,
author = {Myers, Philip C},
title = {{Filamentary Condensations in a Young Cluster}},
journal = {The Astrophysical Journal},
year = {2011},
volume = {735},
number = {2},
pages = {82},
month = jul
}

@article{Kato:2010jf,
author = {Kato, Eri and Shibai, Hiroshi and Kawada, Mitsunobu and Narita, Masanao and Matsuo, Taro and Ohkubo, Atsushi and Suzuki, Miki and Kanoh, Tetsuo and Yamamoto, Koudai and Team, Fite},
title = {{Far-Infrared Interferometric Telescope Experiment : I. Interferometer Optics}},
journal = {Transactions of Space Technology Japan},
year = {2010},
volume = {7},
number = {ists26},
pages = {47--53},
month = n/a
}

@article{Bell:1972ek,
author = {Bell, E E and Sanderson, R B},
title = {{Spectral Errors Resulting from Random Sampling-Position Errors in Fourier Transform Spectroscopy}},
journal = {Applied Optics},
year = {1972},
volume = {11},
number = {3},
pages = {688},
month = mar
}

@article{Chanan:1998gua,
author = {Chanan, Gary and Troy, Mitchell and Dekens, Frank and Michaels, Scott and Nelson, Jerry and Mast, Terry and Kirkman, David},
title = {{Phasing the Mirror Segments of the Keck Telescopes: The Broadband Phasing Algorithm}},
journal = {Applied Optics},
year = {1998},
volume = {37},
number = {1},
pages = {140},
month = jan
}

@article{Forman:1966wx,
author = {Forman, Michael L and Steel, W Howard and Vanasse, George A},
title = {{Correction of Asymmetric Interferograms Obtained in Fourier Spectroscopy}},
journal = {Journal of the Optical Society of America},
year = {1966},
volume = {56},
pages = {59},
month = jan
}

@article{2006AJ....131..250F,
author = {Frayer, D T and Fadda, D and Yan, L and Marleau, F R and Choi, P I and Helou, G and Soifer, B T and Appleton, P N and Armus, L and Beck, R and Dole, H and Engelbracht, C W and Fang, F and Gordon, K D and Heinrichsen, I and Henderson, D and Hesselroth, T and Im, M and Kelly, D M and Lacy, M and Laine, S and Latter, W B and Mahoney, W and Makovoz, D and Masci, F J and Morrison, J E and Moshir, M and Noriega-Crespo, A and Padgett, D L and Pesenson, M and Shupe, D L and Squires, G K and Storrie-Lombardi, L J and Surace, J A and Teplitz, H I and Wilson, G},
title = {{Spitzer 70 and 160-micron Observations of the Extragalactic First Look Survey}},
journal = {arXiv.org},
year = {2005},
eprint = {astro-ph/0509649v1},
eprinttype = {arxiv},
eprintclass = {astro-ph},
number = {1},
pages = {250--260},
month = sep,
annote = {16 pages including 11 figures. Accepted AJ}
}

@article{Wilkins:2008hta,
author = {Wilkins, Stephen M and Trentham, Neil and Hopkins, Andrew M},
title = {{The evolution of stellar mass and the implied star formation history}},
journal = {Monthly Notices of the Royal Astronomical Society},
year = {2008},
volume = {385},
number = {2},
pages = {687--694},
month = apr
}

@article{2001ApJ...549..647E,
author = {Elias, Nicholas M II},
title = {{Optical Interferometric Polarimetry. I. Foundation}},
journal = {The Astrophysical Journal},
year = {2001},
volume = {549},
number = {1},
pages = {647--668},
month = mar
}

@article{2004ApJS..154...93D,
author = {Dole, H and Rieke, G H and Lagache, G and Puget, J L and Alonso-Herrero, A and Bai, L and Blaylock, M and Egami, E and Engelbracht, C W and Gordon, K D and Hines, D C and Kelly, D M and Le Floc'h, E and Misselt, K A and Morrison, J E and Muzerolle, J and Papovich, C and P{\'e}rez-Gonz{\'a}lez, P G and Rieke, M J and Rigby, J R and Neugebauer, G and Stansberry, J A and Su, K Y L and Young, E T and Beichman, C A and Richards, P L},
title = {{Confusion of Extragalactic Sources in the Mid- and Far-Infrared: Spitzer and Beyond}},
journal = {The Astrophysical Journal Supplement Series},
year = {2004},
volume = {154},
number = {1},
pages = {93--96},
month = sep
}

@book{Bevington:2003tc,
author = {Bevington, Philip Raymond and Robinson, D Keith},
title = {{Data Reduction and Error Analysis for the Physical Sciences}},
publisher = {McGraw-Hill},
year = {2003}
}

@article{Johnstone:2010ht,
author = {Johnstone, D and Fich, M and McCoey, C and van Kempen, T A and Fuente, A and Kristensen, L E and Cernicharo, J and Caselli, P and Visser, R and Plume, R and Herczeg, G J and van Dishoeck, E F and Wampfler, S and Bachiller, R and Baudry, A and Benedettini, M and Bergin, E and Benz, A O and Bjerkeli, P and Blake, G and Bontemps, S and Braine, J and Bruderer, S and Codella, C and Daniel, F and di Giorgio, A M and Dominik, C and Doty, S D and Encrenaz, P and Giannini, T and Goicoechea, J R and de Graauw, Th and Helmich, F and Herpin, F and Hogerheijde, M R and Jacq, T and J{\o}rgensen, J K and Larsson, B and Lis, D and Liseau, R and Marseille, M and Melnick, G and Neufeld, D and Nisini, B and Olberg, M and Parise, B and Pearson, J and Risacher, C and Santiago-Garc{\'\i}a, J and Saraceno, P and Shipman, R and Tafalla, M and van der Tak, F and Wyrowski, F and Y{\i}ld{\i}z, U A and Caux, E and Honingh, N and Jellema, W and Schieder, R and Teyssier, D and Whyborn, N},
title = {{Herschel/HIFI spectroscopy of the intermediate mass protostar NGC 7129 FIRS 2}},
journal = {Astronomy and Astrophysics},
year = {2010},
volume = {521},
pages = {L41},
month = oct
}

@article{Draine:2003di,
author = {Draine, B T},
title = {{Interstellar Dust Grains}},
journal = {Annual Review of Astronomy {\&}Astrophysics},
year = {2003},
volume = {41},
number = {1},
pages = {241--289},
month = n/a
}

@article{1978ApJ...226..439B,
author = {Bechis, K P and Harvey, P M and Campbell, M F and Hoffmann, W F},
title = {{Star formation in the NGC 7129 region - A CO molecular-line and far-infrared continuum study}},
journal = {Astrophysical Journal},
year = {1978},
volume = {226},
pages = {439--441},
month = dec
}

@article{2015arXiv151008021T,
author = {Tan, Jonathan C},
title = {{Comparison of Low-Mass and High-Mass Star Formation}},
journal = {arXiv.org},
year = {2015},
eprint = {1510.08021},
eprinttype = {arxiv},
eprintclass = {1510},
pages = {arXiv:1510.08021},
month = oct,
annote = {9 pages, to appear in proceedings of IAU Symp. 315, From interstellar clouds to star-forming galaxies: universal processes?, eds. P. Jablonka, P. Andre, F. F. S. van der Tak}
}

@article{2006ApJ...645.1264S,
author = {Smith, Howard A and Hora, J L and Marengo, M and Pipher, Judith L},
title = {{Outflows from Massive Young Stellar Objects as Seen with the Infrared Array Camera}},
journal = {The Astrophysical Journal},
year = {2006},
volume = {645},
number = {2},
pages = {1264--1271},
month = jul
}

@article{Reddy:2010he,
author = {Reddy, Naveen A and Erb, Dawn K and Pettini, Max and Steidel, Charles C and Shapley, Alice E},
title = {{Dust Obscuration and Metallicity at High Redshift: New Inferences from UV, H$\alpha$, and 8 $\mu$m Observations of z {\textasciitilde} 2 Star-forming Galaxies}},
journal = {The Astrophysical Journal},
year = {2010},
volume = {712},
number = {2},
pages = {1070--1091},
month = apr
}

@article{2006ApJ...636L..45T,
author = {Teixeira, P S and Lada, C J and Young, E T and Marengo, M and Muench, A and Muzerolle, J and Siegler, N and Rieke, G and Hartmann, L and Megeath, S T and Fazio, G},
title = {{Identifying Primordial Substructure in NGC 2264}},
journal = {The Astrophysical Journal},
year = {2006},
volume = {636},
number = {1},
pages = {L45--L48},
month = jan
}

@article{Draine:2007kk,
author = {Draine, B T and Li, Aigen},
title = {{Infrared Emission from Interstellar Dust. IV. The Silicate-Graphite-PAH Model in the Post-Spitzer Era}},
journal = {The Astrophysical Journal},
year = {2007},
volume = {657},
number = {2},
pages = {810--837},
month = mar
}

@article{Rinehart:2012kq,
author = {Rinehart, S A and Barclay, R B and Barry, R K and Benford, D J and Calhoun, P C and Fixsen, D J and Gorman, E T and Jackson, M L and Jhabvala, C A and Leisawitz, D T and Maher, S F and Mentzell, J E and Mundy, L G and Rizzo, M J and Silverberg, R F and Staguhn, J G},
title = {{Design and status of the Balloon Experimental Twin Telescope for infrared interferometry (BETTII): an interferometer at the edge of space}},
journal = {Optical and Infrared Interferometry III. Proceedings of the SPIE},
year = {2012},
volume = {8445},
pages = {08},
month = jul,
annote = {ISBN: 9780819491466
(c) : SPIE. Downloading of the abstract is permitted for personal use only.}
}

@article{Dale:2002bo,
author = {Dale, Daniel A and Helou, George},
title = {{The Infrared Spectral Energy Distribution of Normal Star-forming Galaxies: Calibration at Far-Infrared and Submillimeter Wavelengths}},
journal = {The Astrophysical Journal},
year = {2002},
volume = {576},
number = {1},
pages = {159--168},
month = sep
}

@booklet{Cayley:1963ua,
title = {{The Collected Mathematical Papers of Arthur Cayley}},
author = {Cayley, Arthur},
year = {1963}
}

@article{deWit:2008fd,
author = {de Wit, W J and Hoare, M G and Oudmaijer, R D and Fujiyoshi, T},
title = {{Young massive stars and their environment in the mid-infrared at high angular resolution}},
journal = {"Journal of Physics: Conference Series},
year = {2008},
volume = {131},
pages = {2022},
month = oct
}

@article{Hopkins:2013kh,
author = {Hopkins, Philip F},
title = {{Why do stars form in clusters? An analytic model for stellar correlation functions}},
journal = {Monthly Notices of the Royal Astronomical Society},
year = {2013},
volume = {428},
number = {3},
pages = {1950--1957},
month = jan,
annote = {2012 The Author Published by Oxford University Press on behalf of the Royal Astronomical Society}
}

@article{Iben:1967bb,
author = {Iben, Icko},
title = {{Stellar Evolution Within and off the Main Sequence}},
journal = {Annual Review of Astronomy and Astrophysics},
year = {1967},
volume = {5},
number = {1},
pages = {571--626},
month = jan
}

@inproceedings{2013SPIE.8864E..15S,
author = {Shaklan, Stuart and Levine, Marie and Foote, Marc and Rodgers, Michael and Underhill, Michael and Marchen, Luis and Klein, Dan},
title = {{The AFTA coronagraph instrument}},
booktitle = {Proceedings of the SPIE},
year = {2013},
editor = {Shaklan, Stuart},
pages = {886415--886415--10},
organization = {Jet Propulsion Lab. (United States)},
publisher = {International Society for Optics and Photonics},
month = sep,
annote = {ISBN: 9780819497147}
}

@article{1996A&A...315L..27K,
author = {Kessler, M F and Steinz, J A and Anderegg, M E and Clavel, J and Drechsel, G and Estaria, P and Faelker, J and Riedinger, J R and Robson, A and Taylor, B G and Xim{\'e}nez de Ferr{\'a}n, S},
title = {{The Infrared Space Observatory (ISO) mission.}},
journal = {Astronomy and Astrophysics},
year = {1996},
volume = {315},
pages = {L27--L31},
month = nov
}

@article{Vasisht:2003uua,
author = {Vasisht, Gautam and Booth, Andrew J and Colavita, M Mark and Johnson, Richard L and Ligon, Edgar R and Moore, James D and Palmer, Dean L},
title = {{Performance and verification of the Keck interferometer fringe detection and tracking system}},
journal = {Interferometry for Optical Astronomy II. Edited by Wesley A. Traub . Proceedings of the SPIE},
year = {2003},
volume = {4838},
pages = {824},
month = feb
}

@article{Hibino:1997hga,
author = {Hibino, Kenichi},
title = {{Erratum: Susceptibility of systematic error-compensating algorithms to random noise in phase-shifting interferometry [Appl. Opt. 36, 2084-2093 (1997)]}},
journal = {Applied Optics},
year = {1997},
volume = {36},
number = {22},
pages = {5362},
month = aug
}

@article{Larson:2003ho,
author = {Larson, Richard B},
title = {{The physics of star formation}},
journal = {Reports on Progress in Physics},
year = {2003},
volume = {66},
number = {10},
pages = {1651--1697},
month = oct
}

@article{Trumpler:1930cd,
author = {Trumpler, Robert J},
title = {{Absorption of Light in the Galactic System}},
journal = {Publications of the Astronomical Society of the Pacific},
year = {1930},
volume = {42},
pages = {214--},
month = aug
}

@article{2014AAS...22314806R,
author = {Rizzo, Maxime and Rinehart, S and Benford, D J and Dhabal, A and Fixsen, D J and Leisawitz, D and Mundy, L G},
title = {{The Balloon Experimental Twin Telescopes for Infrared Interferometry (BETTII): targets and calibration}},
journal = {American Astronomical Society},
year = {2014},
volume = {223},
month = jan
}

@article{Li:2001fc,
author = {Li, Aigen and Draine, B T},
title = {{On Ultrasmall Silicate Grains in the Diffuse Interstellar Medium}},
journal = {The Astrophysical Journal},
year = {2001},
volume = {550},
number = {2},
pages = {L213--L217},
month = apr
}

@article{Allamandola:1985cf,
author = {Allamandola, L J and Tielens, A G G M and Barker, J R},
title = {{Polycyclic aromatic hydrocarbons and the unidentified infrared emission bands - Auto exhaust along the Milky Way}},
journal = {Astrophysical Journal},
year = {1985},
volume = {290},
pages = {L25--L28},
month = mar
}

@article{Rebollido:2015dt,
author = {Rebollido, Isabel and Mer{\'\i}n, Bruno and Ribas, {\'A}lvaro and Bustamante, Ignacio and Bouy, Herv{\'e} and Riviere-Marichalar, Pablo and Prusti, Timo and Pilbratt, G{\"o}ran L and Andr{\'e}, Philippe and {\'A}brah{\'a}m, P{\'e}ter},
title = {{Infrared study of transitional disks in Ophiuchus with Herschel}},
journal = {Astronomy and Astrophysics},
year = {2015},
volume = {581},
pages = {A30},
month = sep
}

@article{Nakamura:2011jt,
author = {Nakamura, Fumitaka and Kamada, Yuhei and Kamazaki, Takeshi and Kawabe, Ryohei and Kitamura, Yoshimi and Shimajiri, Yoshito and Tsukagoshi, Takashi and Tachihara, Kengo and Akashi, Toshiya and Azegami, Kenta and Ikeda, Norio and Kurono, Yasutaka and Li, Zhi-Yun and Miura, Tomoya and Nishi, Ryoichi and Umemoto, Tomofumi},
title = {{The Molecular Outflows in the $\rho$ Ophiuchi Main Cloud: Implications for Turbulence Generation}},
journal = {The Astrophysical Journal},
year = {2011},
volume = {726},
number = {1},
pages = {46},
month = jan
}

@book{Juanola:2016,
author = {Juanola-Parramon, Roser},
title = {{\emph{A Far-infrared Spectro-spatial Space Interferometer: Instrument Simulator and Testbed Implementation}}},
publisher = {Springer},
year = {2016}
}

@article{Kryukova:2012ea,
author = {Kryukova, E and Megeath, S T and Gutermuth, R A and Pipher, J and Allen, T S and Allen, L E and Myers, P C and Muzerolle, J},
title = {{Luminosity Functions of Spitzer-identified Protostars in Nine Nearby Molecular Clouds}},
journal = {The Astronomical Journal},
year = {2012},
volume = {144},
number = {2},
pages = {31},
month = aug
}

@article{Learner:1996hp,
author = {Learner, R C M and Thorne, A P and Brault, James W},
title = {{Ghosts and artifacts in Fourier-transform spectrometry}},
journal = {Applied Optics},
year = {1996},
volume = {35},
number = {16},
pages = {2947},
month = jun
}

@article{Shirley:2000gh,
author = {Shirley, Yancy L and Evans, Neal J II and Rawlings, Jonathan M C and Gregersen, Erik M},
title = {{Tracing the Mass during Low-Mass Star Formation. I. Submillimeter Continuum Observations}},
journal = {The Astrophysical Journal Supplement Series},
year = {2000},
volume = {131},
number = {1},
pages = {249--271},
month = nov
}

@article{deGroot:2008joa,
author = {de Groot, Peter J and Deck, Leslie L},
title = {{New algorithms and error analysis for sinusoidal phase shifting interferometry}},
journal = {Interferometry XIV: Techniques and Analysis. Edited by Schmit},
year = {2008},
volume = {7063},
pages = {19--70630K--14},
month = aug
}

@article{Matsumoto:1994io,
author = {Matsumoto, T and Matsuura, S and Noda, M},
title = {{2.4 micrometer sky brightness at balloon altitude}},
journal = {Astronomical Society of the Pacific},
year = {1994},
volume = {106},
pages = {1217},
month = nov
}

@article{Wood:2002hu,
author = {Wood, Kenneth and Wolff, Michael J and Bjorkman, J E and Whitney, Barbara},
title = {{The Spectral Energy Distribution of HH 30 IRS: Constraining the Circumstellar Dust Size Distribution}},
journal = {The Astrophysical Journal},
year = {2002},
volume = {564},
number = {2},
pages = {887--895},
month = jan
}

@article{Muller:2002je,
author = {M{\"u}ller, T G and Lagerros, J S V},
title = {{Asteroids as calibration standards in the thermal infrared for space observatories}},
journal = {Astronomy and Astrophysics},
year = {2002},
volume = {381},
pages = {324--339},
month = jan
}

@article{Reddy:2009hxa,
author = {Reddy, Naveen A and Steidel, Charles C},
title = {{A Steep Faint-End Slope of the UV Luminosity Function at z {\textasciitilde} 2-3: Implications for the Global Stellar Mass Density and Star Formation in Low-Mass Halos}},
journal = {The Astrophysical Journal},
year = {2009},
volume = {692},
number = {1},
pages = {778--803},
month = feb
}

@article{Skinner:2009bo,
author = {Skinner, Stephen L and Sokal, Kimberly R and Megeath, S Thomas and G{\"u}del, Manuel and Audard, Marc and Flaherty, Kevin M and Meyer, Michael R and Damineli, Augusto},
title = {{Chandra and Spitzer Imaging of the Infrared Cluster in NGC 2071}},
journal = {The Astrophysical Journal},
year = {2009},
volume = {701},
number = {1},
pages = {710--724},
month = aug
}

@article{1998A&A...338..340M,
author = {Mueller, T G and Lagerros, J S V},
title = {{Asteroids as far-infrared photometric standards for ISOPHOT}},
journal = {Astronomy and Astrophysics},
year = {1998},
volume = {338},
pages = {340--352},
month = oct
}

@article{Megeath:2012cn,
author = {Megeath, S T and Gutermuth, R and Muzerolle, J and Kryukova, E and Flaherty, K and Hora, J L and Allen, L E and Hartmann, L and Myers, P C and Pipher, J L and Stauffer, J and Young, E T and Fazio, G G},
title = {{The Spitzer Space Telescope Survey of the Orion A and B Molecular Clouds. I. A Census of Dusty Young Stellar Objects and a Study of Their Mid-infrared Variability}},
journal = {The Astronomical Journal},
year = {2012},
volume = {144},
number = {6},
pages = {192},
month = dec
}

@book{Thompson:2008ww,
author = {Thompson, A Richard and Moran, James M and George W Swenson, Jr},
title = {{Interferometry and Synthesis in Radio Astronomy}},
publisher = {John Wiley {\&} Sons},
year = {2008},
month = nov
}

@article{Bonnell:2003iw,
author = {Bonnell, Ian A and Bate, Matthew R and Vine, Stephen G},
title = {{The hierarchical formation of a stellar cluster}},
journal = {Monthly Notice of the Royal Astronomical Society},
year = {2003},
volume = {343},
number = {2},
pages = {413--418},
month = aug
}

@article{Offner:2011ex,
author = {Offner, Stella S R and McKee, Christopher F},
title = {{The Protostellar Luminosity Function}},
journal = {The Astrophysical Journal},
year = {2011},
volume = {736},
number = {1},
pages = {53},
month = jul
}

@article{Colavita:1999dda,
author = {Colavita, M M},
title = {{Fringe Visibility Estimators for the Palomar Testbed Interferometer}},
journal = {The Publications of the Astronomical Society of the Pacific},
year = {1999},
volume = {111},
number = {755},
pages = {111--117},
month = jan
}

@article{Reach:2005ji,
author = {Reach, William T and Megeath, S T and Cohen, Martin and Hora, J and Carey, Sean and Surace, Jason and Willner, S P and Barmby, P and Wilson, Gillian and Glaccum, William and Lowrance, Patrick and Marengo, Massimo and Fazio, Giovanni G},
title = {{Absolute Calibration of the Infrared Array Camera on the Spitzer Space Telescope}},
journal = {The Publications of the Astronomical Society of the Pacific},
year = {2005},
volume = {117},
number = {8},
pages = {978--990},
month = sep
}

@article{Mighell:2005fwa,
author = {Mighell, Kenneth J},
title = {{Stellar photometry and astrometry with discrete point spread functions}},
journal = {Monthly Notices of the Royal Astronomical Society},
year = {2005},
volume = {361},
number = {3},
pages = {861--878},
month = aug
}

@article{2012ApJ...749L..22S,
author = {Shuping, R Y and Morris, Mark R and Herter, Terry L and Adams, Joseph D and Gull, G E and Schoenwald, J and Henderson, C P and Becklin, E E and De Buizer, James M and Vacca, William D and Zinnecker, Hans and Megeath, S Thomas},
title = {{First Science Observations with SOFIA/FORCAST: 6-37 $\mu$m Imaging of the Central Orion Nebula}},
journal = {The Astrophysical Journal Letters},
year = {2012},
volume = {749},
number = {2},
pages = {L22},
month = apr
}

@article{Bell:2005hsa,
author = {Bell, Eric F and Papovich, Casey and Wolf, Christian and Le Floc'h, Emeric and Caldwell, John A R and Barden, Marco and Egami, Eiichi and McIntosh, Daniel H and Meisenheimer, Klaus and P{\'e}rez-Gonz{\'a}lez, Pablo G and Rieke, G H and Rieke, M J and Rigby, Jane R and Rix, Hans-Walter},
title = {{Toward an Understanding of the Rapid Decline of the Cosmic Star Formation Rate}},
journal = {The Astrophysical Journal},
year = {2005},
volume = {625},
number = {1},
pages = {23--36},
month = may
}

@article{Lada:2003il,
author = {Lada, Charles J and Lada, Elizabeth A},
title = {{Embedded Clusters in Molecular Clouds}},
journal = {Annual Review of Astronomy {\&}Astrophysics},
year = {2003},
volume = {41},
number = {1},
pages = {57--115},
month = jan
}

@article{WardThompson:2007tx,
author = {Ward-Thompson, D and Andr{\'e}, P and Crutcher, R and Johnstone, D and Onishi, T and Wilson, C},
title = {{An Observational Perspective of Low-Mass Dense Cores II: Evolution Toward the Initial Mass Function}},
journal = {Protostars and Planets V},
year = {2007},
pages = {33--46},
month = n/a
}

@article{Reddy:2009wta,
author = {Reddy, N A},
title = {{A Steep Faint-End Slope of the UV Luminosity Function at z{\~{ }}2-3: Implications for the Missing Stellar Mass Problem}},
journal = {Galaxy Evolution: Emerging Insights and Future Challenges ASP Conference Series},
year = {2009},
volume = {419},
pages = {313},
month = dec
}

@inproceedings{2014SPIE.9146E..02R,
author = {Rinehart, S and Rizzo, M and Fixsen, D and Ade, P and Barclay, R and Barry, R and Benford, D and Dhabal, A and Juanola-Parramon, R and Klemencic, Georgina and Griffin, M and Leisawitz, David T and Maher, S and Mentzell, J and Mundy, Lee G and Pascale, E and Savini, G and Silverberg, Robert F and Staguhn, J and Veach, T},
title = {{The balloon experimental twin telescope for infrared interferometry (BETTII): interferometry at the edge of the atmosphere}},
booktitle = {Proceedings of the SPIE},
year = {2014},
editor = {Rajagopal, Jayadev K and Creech-Eakman, Michelle J and Malbet, Fabien},
pages = {914602--914602--10},
organization = {NASA Goddard Space Flight Ctr. (United States)},
publisher = {International Society for Optics and Photonics},
month = jul,
annote = {ISBN: 9780819496140}
}

@article{Hariharan:1987cla,
author = {Hariharan, P and Oreb, B F and Eiju, Tomoaki},
title = {{Digital phase-shifting interferometry: a simple error-compensating phase calculation algorithm}},
journal = {Applied Optics},
year = {1987},
volume = {26},
number = {13},
pages = {2504},
month = jul,
annote = {Hello! Equation 7 is going to be very useful

Hello! Equation 7 is going to be very useful}
}

@article{Rinehart:2014gk,
author = {Rinehart, S A and Rizzo, M and Benford, D J and Fixsen, D J and Veach, T J and Dhabal, A and Leisawitz, D T and Mundy, L G and Silverberg, R F and Barry, R K and Staguhn, J G and Barclay, R and Mentzell, J E and Griffin, M and Ade, P A R and Pascale, E and Klemencic, G and Savini, G and Juanola-Parramon, R},
title = {{The Balloon Experimental Twin Telescope for Infrared Interferometry (BETTII): An Experiment for High Angular Resolution in the Far-Infrared}},
journal = {Publications of the Astronomical Society of the Pacific},
year = {2014},
volume = {126},
pages = {660--673},
month = jul
}

@article{Clauset:2007iy,
author = {Clauset, Aaron and Shalizi, Cosma Rohilla and Newman, M E J},
title = {{Power-law distributions in empirical data}},
journal = {arXiv.org},
year = {2007},
eprint = {0706.1062v2},
eprinttype = {arxiv},
eprintclass = {physics.data-an},
number = {4},
pages = {661--703},
month = jun,
annote = {43 pages, 11 figures, 7 tables, 4 appendices; code available at
  http://www.santafe.edu/{\textasciitilde}aaronc/powerlaws/}
}

@article{Ebert:1955wf,
author = {Ebert, R},
title = {{{\"U}ber die Verdichtung von H I-Gebieten. Mit 5 Textabbildungen}},
journal = {Zeitschrift f{\"u}r Astrophysik},
year = {1955},
volume = {37},
pages = {217--},
month = n/a
}

@article{Baldry:2003dfa,
author = {Baldry, Ivan K and Glazebrook, Karl},
title = {{Constraints on a Universal Stellar Initial Mass Function from Ultraviolet to Near-Infrared Galaxy Luminosity Densities}},
journal = {The Astrophysical Journal},
year = {2003},
volume = {593},
number = {1},
pages = {258--271},
month = aug
}

@article{Wilking:1983ko,
author = {Wilking, B A and Lada, C J},
title = {{The discovery of new embedded sources in the centrally condensed core of the Rho Ophiuchi dark cloud - The formation of a bound cluster}},
journal = {Astrophysical Journal},
year = {1983},
volume = {274},
pages = {698--716},
month = nov
}

